2064 3490
594 298 855 344 NOVUM
906 300 1278 346 ORGANUM.
1616 302 1679 349 51.)

301 419 559 479 Quinetiam
590 423 869 482 Gz'lbertus,
900 427 1135 486 postquam
1157 424 1202 470 iu
1225 426 1682 488 contemplationibus

194 501 416 562 magnetis
457 518 505 549 se
536 502 890 550 laboriosissime
925 503 1231 564 exercuisset,
1278 505 1499 554 confinxit
1530 513 1680 559 statim

194 579 546 645 philosophiam,
583 587 931 630 consentaneam
958 574 1168 647 rci'apud
1197 585 1340 648 ipsum
1363 590 1680 653 praepollenti.

884 724 992 772 LV.

297 812 552 862 Maximum
590 822 635 863 et
675 816 796 864 velut
833 816 1034 864 radicale
1072 817 1383 869 discrimen
1415 823 1684 889 ingenio-

196 910 329 955 rum,
369 895 515 959 quoad
551 897 885 962 philosophiam
923 903 968 945 et
1003 898 1247 961 scientias,
1291 902 1405 951 illud
1442 913 1526 969 est,
1566 913 1685 975 quod

197 974 289 1020 alia
318 975 504 1037 ingonia
536 976 627 1023 siut
659 976 852 1024 fortiora
888 981 934 1024 et
965 978 1143 1040 aptiora
1177 981 1241 1026 ad
1278 987 1560 1037 notandas
1596 1007 1685 1040 re-

194 1070 310 1100 rum
349 1054 768 1121 differentias,
815 1057 908 1104 alia
944 1057 1008 1104 ad
1056 1061 1346 1110 notandas
1382 1082 1569 1115 rerum
1606 1072 1687 1117 si-

196 1134 584 1183 militudines.
654 1135 846 1200 Ingenia
876 1138 994 1185 enim
1032 1144 1373 1191 constantia
1410 1153 1465 1194 et
1500 1156 1686 1213 acuta,

197 1214 337 1279 figere
378 1217 810 1281 contemplationes,
865 1224 911 1265 et
947 1220 1114 1265 morari
1158 1227 1203 1268 et
1239 1223 1428 1273 haerere
1474 1228 1521 1275 in
1565 1233 1687 1279 omni

196 1296 447 1345 subtilitate
473 1296 826 1345 differentiarum
852 1305 1056 1362 possunt.
1105 1299 1298 1365 Ingenia
1319 1311 1467 1354 autem
1505 1311 1688 1359 subli-

197 1377 307 1424 mia
343 1383 396 1425 et
433 1376 804 1440 discursiva,
852 1378 987 1426 etiam
1032 1381 1320 1431 tenuissimas
1357 1392 1400 1434 et
1439 1389 1687 1441 catholicas

196 1479 347 1510 rerum
366 1459 703 1519 similitudines,
740 1465 784 1506 et
807 1465 1059 1529 agnoscunt
1084 1466 1128 1508 et
1149 1474 1439 1528 componunt.
1496 1469 1688 1520 Utrum-

199 1560 283 1608 que
305 1548 450 1590 autem
478 1540 708 1604 ingenium
727 1538 863 1586 facile
887 1540 1056 1586 labitur
1072 1541 1121 1588 in
1143 1558 1395 1608 excessum,
1435 1554 1688 1613 prensando

196 1629 275 1672 aut
310 1622 476 1688 gradus
509 1637 659 1668 rerum
697 1624 775 1666 aut
804 1620 999 1666 umbras.

872 1761 1006 1810 LVI.

304 1856 616 1922 Reperiuutur
651 1853 836 1917 ingenia
880 1854 997 1900 alia
1026 1854 1082 1900 in
1123 1855 1564 1911 admirationem
1603 1881 1691 1913 an-

201 1937 532 2003 tiquitatis,
570 1934 690 1981 alia
717 1934 774 1980 in
806 1950 1050 1982 amorem
1086 1941 1140 1983 et
1176 1940 1495 2003 amplexum
1533 1947 1692 1993 novi-

202 2019 342 2068 tatis
375 2018 538 2074 effusa3
578 2030 759 2079 pauca
794 2031 927 2063 vero
959 2015 1058 2080 ejus
1095 2020 1437 2082 temperamenti
1474 2030 1596 2086 sunt,
1635 2034 1694 2074 ut

202 2099 418 2148 modum
451 2103 651 2145 tenere
687 2095 932 2160 possint,
969 2096 1094 2160 quin,
1133 2104 1210 2145 aut
1233 2116 1347 2163 quae
1384 2108 1508 2151 recte
1545 2107 1694 2169 posita

203 2184 308 2228 sunt
327 2180 382 2226 ab
404 2177 601 2241 antiquis
623 2176 898 2237 convellant,
934 2182 1011 2223 aut
1035 2192 1089 2224 ea
1118 2184 1408 2228 contemnant
1431 2199 1543 2247 quae
1567 2192 1693 2234 recte

200 2248 452 2307 'afferuntur
493 2272 520 2303 a
553 2256 700 2304 novis.

309 2360 414 2409 Hoc
449 2377 554 2408 vero
590 2376 753 2423 magno
790 2359 1080 2407 scientiarum
1114 2364 1159 2408 et
1195 2359 1511 2427 philosophiae
1550 2366 1696 2415 detri-

206 2446 356 2491 mento
377 2439 446 2500 fit,
484 2456 618 2503 quum
653 2439 848 2486 studia
880 2440 1079 2504 potius
1116 2440 1207 2488 sint
1230 2443 1510 2508 antiquitatis
1541 2452 1586 2495 et
1609 2465 1697 2497 no-

211 2523 378 2583 vitatis,
416 2535 570 2585 quam
603 2518 850 2584 judicia.

311 2623 550 2671 Veritas
586 2627 733 2670 autern
777 2639 864 2670 non
902 2639 928 2670 a
965 2624 1186 2672 felicitate
1225 2627 1443 2691 temporis
1486 2629 1696 2694 alicujus,

213 2721 326 2771 quae
354 2719 428 2751 res
462 2702 588 2749 varia
624 2709 709 2764 est,
747 2703 825 2751 sed
855 2720 881 2750 a
912 2704 1125 2752 lumine
1154 2712 1400 2754 naturae
1437 2713 1490 2756 et
1519 2726 1697 2774 expe-

211 2783 489 2848 rientiae,
527 2782 645 2848 quod
681 2789 909 2831 aeternum
947 2790 1033 2846 ost,
1069 2785 1321 2850 petenda
1358 2792 1459 2835 est.

240 2914 246 2917 ·
315 2885 476 2950 Itaque
513 2884 777 2950 abneganda
812 2891 917 2933 sunt
947 2886 1035 2934 ista.
1069 2886 1236 2948 studia,
1271 2894 1316 2935 et
1352 2885 1607 2949 videndum,
1644 2905 1700 2937 ne

219 2965 476 3013 intellectus
514 2967 570 3014 ah
607 2966 701 3015 illis
738 2966 793 3014 ad
830 2983 1094 3015 consensum
1142 2967 1407 3029 abripiatur.
1491 2979 1510 2995 0
