1947 3456
214 281 310 330 142
775 288 1015 333 INDEX
1061 285 1328 332 RERUM.

1562 406 1688 441 Pagina

215 451 418 489 Coelum
447 453 1002 492 etterraParmenidis
1049 479 1568 494 .........
1644 459 1692 494 65

215 503 405 539 Coetus
434 502 748 540 Parisiensis
784 529 1570 543 .............
1645 508 1694 544 35

215 552 484 589 Columbus
541 578 1569 593 .................
1623 556 1696 593 102

214 602 472 639 Collectio
499 601 750 640 historiae
778 604 1028 641 naturalis
1059 611 1106 641 et
1143 602 1568 654 experimentalis
1621 606 1694 642 116

214 651 506 689 Commenta
535 651 650 687 animi
676 652 831 689 humani
860 679 1566 693 ............
1644 656 1694 692 58

390 700 570 737 nonnulla
595 702 824 750 professoria
851 729 1180 741 ......
1198 730 1206 733 -
1235 731 1246 742 .
1300 731 1309 740 .
1363 730 1376 742 .
1427 729 1440 742 .
1476 704 1537 741 54.
1557 705 1618 741 61.
1645 706 1695 742 68

216 750 693 788 Commentationes
723 778 1507 792 .............
1557 756 1618 792 97.
1645 756 1694 792 98

215 801 608 837 Consistentiae
643 809 823 839 natura
914 828 1570 842 ...........
1646 805 1696 842 96

216 849 602 900 Contemplatio
644 864 805 888 rerum
843 852 923 888 sine
951 851 1216 901 superstitione
1249 858 1314 890 aut
1350 851 1572 901 impostura,

393 901 474 936 sine
506 912 634 937 errore
663 908 727 938 aut
758 902 980 939 confusione
1046 926 1572 941 .........
1625 902 1697 940 136

219 949 735 998 Contemplationes‚
763 952 852 1002 quid
877 951 1043 990 efficiunt
1109 976 1571 991 ........
1648 954 1699 990 60

319 1001 503 1048 magnetis
552 1025 1573 1040 .................
1650 1003 1698 1039 59

218 1048 552 1086 Continuatio
588 1050 947 1100 inquisitionis
995 1075 1574 1090 ..........
1649 1053 1699 1089 29

219 1099 519 1135 Contractio
559 1099 919 1148 inquisitionis
983 1125 1508 1139 .........
1560 1102 1622 1137 29.
1649 1104 1699 1138 30

219 1148 501 1184 Conversio
531 1149 712 1185 mentis
741 1150 840 1186 bona
869 1157 905 1186 et
932 1162 1099 1199 congrua
1126 1149 1303 1186 facienda
1367 1175 1380 1187 .
1431 1175 1444 1188 .
1495 1174 1508 1187 .
1561 1152 1622 1187 19.
1649 1154 1699 1187 20

218 1198 491 1246 Corruptio
521 1198 876 1249 philosophiae
904 1211 951 1236 ex
976 1200 1183 1248 agitatione
1210 1198 1352 1249 ingenii
1431 1224 1444 1236 .
1559 1199 1621 1235 64.
1650 1201 1699 1237 65

319 1260 366 1285 ex
391 1248 571 1296 angustiis
597 1256 635 1285 et
660 1250 887 1287 obscuritate
912 1263 1118 1299 paucorum
1143 1251 1491 1300 experimentorum
1563 1274 1573 1286 .
1649 1251 1699 1288 66

318 1310 367 1335 ex
394 1299 659 1347 superstitione
686 1307 723 1336 et
746 1300 937 1349 theologia
965 1301 1126 1337 admista
1175 1323 1573 1338 .......
1649 1301 1700 1338 67

220 1347 350 1385 Cura
381 1348 535 1397 Regis
594 1373 1574 1389 ................
1676 1350 1699 1386 5

218 1532 459 1581 Danielis
487 1544 757 1594 prophetia
805 1571 815 1582 .
865 1572 874 1583 .
928 1573 936 1581 .
988 1574 998 1583 .
1049 1572 1062 1585 .
1114 1572 1126 1585 .
1179 1572 1189 1583 .
1242 1571 1254 1583 .
1307 1570 1318 1582 .
1370 1571 1382 1582 .
1435 1548 1447 1580 ζ
1499 1569 1510 1581 .
1562 1569 1572 1580 .
1627 1545 1699 1580 103

219 1599 290 1637 De
318 1599 470 1636 abusu
500 1600 738 1637 bonorum
794 1624 1574 1640 .............
1627 1601 1700 1637 136

218 1649 291 1687 De
321 1649 606 1686 Alexandro
634 1650 684 1688 M.
712 1650 915 1688 Aeschines
943 1659 982 1688 et
1008 1650 1150 1689 Livius.
1235 1677 1247 1688 .
1312 1676 1324 1688 .
1377 1676 1389 1688 .
1441 1676 1452 1686 .
1508 1651 1591 1686 105.
1629 1652 1700 1686 106

220 1699 289 1736 De
317 1700 609 1747 augmentis
636 1701 965 1737 scientiarum
994 1701 1110 1737 libri
1171 1725 1575 1738 .......
1629 1701 1701 1736 133

220 1748 290 1787 De
318 1749 482 1785 causis
506 1762 704 1786 errorru
720 1763 754 1787 m
779 1764 829 1787 εν.
845 1751 1171 1788 obstaculorumin
1186 1750 1349 1788 scientiis
1375 1751 1436 1788 64.
1457 1752 1517 1787 75.
1543 1751 1604 1786 82.
1629 1751 1701 1785 101

219 1798 291 1836 De
318 1799 607 1836 cessatione
634 1800 875 1849 antiquarum
907 1801 1230 1850 philosophiarum
1309 1824 1574 1837 .....
1651 1801 1700 1837 81

221 1847 292 1887 De
318 1855 575 1886 contemtu
605 1849 641 1885 in
671 1851 831 1887 naturali
860 1850 1017 1887 historia
1041 1851 1274 1899 vulgarium,
1301 1849 1439 1896 vilium,
1466 1848 1578 1885 nimis

395 1899 586 1935 subtilium
613 1906 684 1936 etc.
712 1913 780 1949 pro
806 1901 958 1937 oraculo
982 1901 1028 1937 sit
1055 1901 1297 1937 mulierculae
1324 1912 1398 1936 vox
1437 1926 1448 1936 .
1502 1925 1512 1935 .
1566 1923 1578 1935 .
1631 1901 1703 1937 126

221 1946 289 1986 De
316 1947 679 1998 desperatione
705 1950 930 1988 tollenda
952 1963 1113 1988 necnon
1130 1949 1366 1988 desacienda
1389 1961 1458 1998 spe
1504 1951 1702 1987 101—118

220 1996 291 2035 De
318 1998 685 2036 elementorum
717 2013 963 2038 concursu
999 2001 1048 2038 ad
1077 2000 1339 2038 constituenda
1366 2011 1472 2048 corp.
1499 2005 1576 2034 nat.
1652 2001 1702 2037 68

220 2045 291 2085 De
318 2047 440 2085 sinis
466 2048 780 2086 excellentia
807 2073 1576 2088 .............
1630 2051 1702 2086 133

220 2095 292 2135 De
321 2098 660 2146 heterogenia
687 2105 726 2135 et
752 2100 990 2136 mistione
1015 2100 1229 2147 caloris,
1255 2099 1344 2136 astri
1371 2101 1409 2135 et
1434 2098 1530 2146 ignis
1567 2123 1578 2133 .
1653 2100 1702 2136 95

222 2145 290 2185 De
318 2147 476 2184 idolis
503 2148 739 2185 doctrina
768 2149 1011 2186 vid.1dola
1049 2177 1058 2187 .
1098 2176 1109 2187 .
1162 2175 1174 2187 .
1227 2175 1238 2186 .
1291 2175 1302 2185 .
1356 2152 1419 2186 51.
1443 2150 1503 2185 52.
1530 2149 1702 2185 53—73

221 2194 292 2235 De
317 2197 720 2248 intemperantiis
740 2195 1580 2248 philosophiarum'cautioiutell.danda
1653 2199 1702 2234 71

222 2248 466 2286 Demalis
511 2249 887 2286 autoritatibus
925 2249 1368 2299 philosophiarum
1436 2273 1446 2283 .
1501 2272 1513 2283 .
1566 2271 1577 2282 .
1654 2248 1704 2284 68

224 2298 298 2336 De
325 2298 527 2347 scripto
565 2298 918 2336 inventionem
956 2311 1051 2336 non
1089 2299 1190 2336 nisi
1228 2310 1315 2349 per
1363 2295 1576 2345 tabulas

398 2347 670 2384 ordinatas
697 2349 967 2397 probemus
987 2373 1511 2387 .........
1544 2348 1606 2383 26.
1632 2347 1704 2385 109

223 2397 291 2434 De
317 2398 474 2434 sectis
503 2405 540 2435 et
569 2399 771 2448 generibus
799 2398 1030 2436 theoriarum
1103 2426 1115 2437 .
1179 2422 1577 2437 .......
1654 2399 1703 2434 63

224 2448 291 2484 De
318 2446 475 2495 signis
494 2456 540 2485 et
568 2449 732 2485 causis
754 2461 990 2497 errorum,
1013 2448 1480 2498 vid.Signa,Causae
1508 2448 1704 2484 75-118

223 2496 294 2534 De
320 2497 532 2545 spe‚vid.
562 2498 687 2547 Spes
740 2522 1454 2536 ............
1485 2498 1704 2533 101-118

223 2546 295 2583 De
321 2553 456 2584 statu
484 2549 625 2585 civili
652 2548 752 2584 haud
775 2547 983 2597 prudenter
1003 2547 1265 2584 administrato
1311 2571 1579 2584 .....
1631 2547 1704 2582 103

224 2596 294 2633 De
323 2598 586 2635 universis
614 2599 710 2635 haec
736 2610 836 2647 quae
863 2598 962 2634 dicta
982 2605 1068 2634 sunt
1094 2596 1339 2646 intelligenda
1378 2623 1389 2633 .
1438 2622 1450 2633 .
1501 2621 1514 2632 .
1565 2619 1578 2632 .
1631 2596 1702 2631 131

224 2646 295 2682 De
321 2657 407 2683 usu
437 2648 654 2684 rationis
681 2648 919 2684 doctrina
985 2668 1577 2685 ..........
1655 2645 1704 2681 17

224 2695 297 2734 De
324 2708 410 2734 usu
437 2697 874 2747 philosophiarum
903 2696 951 2733 ad
976 2697 1206 2747 professoria
1229 2708 1387 2733 munera
1413 2707 1459 2732 ac
1484 2694 1582 2730 vitae

402 2747 517 2784 civilis
544 2747 770 2797 compendia
818 2767 1578 2785 .............
1630 2743 1703 2779 132

226 2794 295 2832 De
324 2797 514 2834 vitiosa
541 2798 762 2834 materia
790 2797 1282 2846 contemplationum
1308 2817 1576 2833 .....
1654 2795 1704 2829 68

226 2844 528 2884 Delineatio
555 2847 654 2884 Novi
679 2847 825 2896 Organi
851 2847 934 2883 libri
961 2847 1073 2896 primi
1119 2867 1508 2885 .......
1530 2842 1704 2879 19—24

227 2894 527 2935 Delineatio
553 2897 653 2935 Novi
679 2897 827 2947 Organi
853 2897 935 2934 libri
965 2897 1120 2934 secundi
1179 2918 1508 2934 ......
1533 2891 1705 2951 24-32

227 2946 560 2986 Democritus
608 2967 1579 2987 ................
1661 2943 1705 2979 AG
