2031 3490
536 704 907 761 INDEX
963 704 1390 762 RERUM.

1578 933 1704 968 Pagina

220 969 758 1029 Abususipsiuslucis
798 1005 1063 1016 .....
1088 1000 1091 1004 -
1116 1007 1578 1021 ........
1631 986 1705 1020 136

221 1029 494 1068 Academia
531 1040 655 1065 nova
716 1055 726 1065 .
793 1054 1577 1070 .............
1654 1035 1706 1071 80

224 1078 582 1128 Acatalepsia,
612 1084 798 1127 quatenus
822 1076 950 1115 differt
977 1090 999 1115 a
1027 1078 1085 1116 via
1112 1085 1242 1117 nostra
1309 1107 1578 1121 .....
1655 1085 1704 1121 51

346 1128 661 1166 introducebatur
687 1141 709 1165 a
737 1128 904 1165 Platonis
930 1128 1058 1166 schola
1117 1155 1579 1170 ........
1654 1135 1702 1170 71

347 1179 620 1230 dogmatizavit
642 1191 727 1216 eam
751 1185 788 1216 et
806 1191 853 1216 ex
869 1178 1042 1229 professo
1059 1180 1180 1217 tenuit
1199 1192 1297 1217 nova
1317 1180 1515 1219 academia
1566 1184 1632 1221 71.
1656 1184 1707 1220 80

349 1242 462 1281 quam
491 1241 560 1266 nos
587 1229 816 1267 meditamur
841 1236 880 1266 et
905 1229 1156 1280 proponimus
1237 1257 1249 1269 .
1311 1258 1579 1270 .....
1635 1235 1707 1270 131

227 1280 353 1318 Acus
383 1278 1028 1329 nauticaeinventio,spem
1058 1279 1124 1316 alit
1181 1306 1580 1319 .......
1635 1283 1709 1320 114

349 1329 576 1367 inventionis
604 1330 677 1374 vis,
710 1330 824 1366 virtus
852 1336 891 1367 et
918 1330 1213 1380 consequentiae
1254 1357 1264 1367 .
1317 1357 1330 1369 .
1381 1357 1391 1369 .
1447 1357 1458 1369 .
1525 1333 1611 1369 134.
1636 1333 1707 1370 135

349 1387 494 1427 motus,
522 1380 697 1416 convenit
723 1392 807 1416 cum
835 1379 1061 1417 coelestibus
1117 1407 1581 1419 ........
1636 1384 1710 1421 114

228 1429 453 1468 Accensa
488 1429 579 1467 hac
617 1429 735 1467 face
770 1430 817 1467 in
855 1429 1152 1480 philosphia
1192 1431 1445 1480 tenebris,
1483 1443 1583 1483 quae

402 1480 614 1530 posteritati
641 1479 863 1530 praelucere
893 1481 1039 1529 possint
1117 1507 1583 1520 ........
1685 1484 1711 1521 4

232 1529 297 1567 Ad
326 1531 757 1579 exstirpationem
796 1530 1045 1567 idolorum
1084 1530 1191 1579 signa
1225 1531 1359 1580 juvant
1382 1537 1420 1568 et
1445 1543 1586 1568 causae
1660 1536 1710 1572 75

231 1582 260 1617 A
274 1580 297 1617 cl
325 1581 368 1618 in
382 1594 406 1631 q
417 1581 491 1617 uis
506 1582 595 1617 itio
608 1594 628 1617 n
641 1594 709 1618 em
736 1580 1034 1630 extinguendam
1051 1588 1087 1617 et
1101 1581 1402 1632 abrumpendatn
1416 1581 1588 1619 efficaces
1664 1586 1711 1620 11

232 1630 299 1667 Ad
331 1631 686 1668 inveniendam
717 1632 983 1668 veritatem
1016 1630 1115 1668 duae
1144 1631 1225 1668 viae
1302 1659 1314 1670 .
1377 1659 1389 1670 .
1444 1660 1453 1670 .
1508 1659 1519 1669 .
1575 1635 1633 1670 15.
1662 1636 1713 1672 46

232 1681 296 1717 Ad
326 1693 501 1731 opera,
529 1681 618 1731 quid
650 1681 764 1718 homo
793 1681 914 1731 possit
992 1708 1260 1719 .....
1288 1709 1291 1711 —
1315 1709 1585 1720 .....
1662 1685 1714 1721 44

233 1730 299 1767 Ad
329 1731 602 1768 tabularum
630 1732 818 1768 auxilia
847 1742 1023 1781 praepar.
1036 1731 1233 1781 etdigesta
1254 1732 1586 1783 mensapplicetur
1641 1736 1712 1772 109

234 1781 404 1818 Adhuc
432 1782 668 1830 experientia
695 1782 842 1818 literata
870 1781 973 1818 facta
1000 1794 1079 1818 non
1107 1789 1190 1819 erat
1254 1809 1589 1821 ......
1643 1787 1716 1822 108

235 1831 417 1868 Aditus
443 1832 648 1882 aliquando
677 1832 724 1869 ad
753 1832 934 1868 interiora
996 1858 1589 1871 ..........
1669 1836 1715 1872 15

236 1881 627 1919 Administratio
665 1882 1009 1919 doctrinarum
1047 1888 1094 1919 et
1131 1881 1313 1931 politia
1347 1882 1589 1919 scientiarum

411 1940 617 1981 augmenta
646 1932 775 1969 durius
805 1944 979 1982 premere
1010 1932 1203 1968 consuevit:
1255 1958 1588 1971 ......
1644 1937 1717 1972 100

361 1983 482 2032 qualis
506 1983 543 2019 in
573 1983 849 2032 philosophiam
874 1982 1088 2019 introducta
1112 1988 1169 2019 est
1254 2008 1590 2021 ......
1645 1987 1717 2023 106

237 2031 521 2070 Admiratio
550 2033 878 2082 antiquitatis
908 2039 957 2069 et
985 2044 1188 2082 operum
1254 2057 1525 2071 .....
1579 2038 1641 2074 59.
1669 2038 1719 2073 90

360 2083 484 2120 eidem
513 2083 786 2120 incrementum
813 2082 970 2119 accessit
997 2094 1018 2119 a
1046 2081 1131 2119 VV.
1156 2081 1241 2118 DD.
1321 2108 1591 2123 .....
1669 2087 1718 2122 03

242 2132 516 2170 Advolatio
556 2133 614 2170 ad
643 2133 1039 2182 generalissima
1068 2132 1193 2168 omnia
1222 2131 1389 2181 perdidit
1451 2159 1463 2170 .
1516 2158 1529 2170 .
1583 2161 1591 2172 .
1646 2136 1719 2172 131

240 2183 486 2233 Aegyptii
517 2183 724 2220 sacerdotis
753 2183 801 2220 de
828 2183 987 2220 Graecis
1015 2182 1228 2218 vaticinium
1257 2208 1592 2222 ......
1669 2187 1720 2222 76

240 2234 514 2270 Aeschinis
543 2234 591 2270 (le
619 2234 732 2269 rebus
760 2234 874 2282 gestis
903 2232 1110 2269 Alexandri
1137 2231 1189 2269 M.
1207 2232 1399 2282 eloquium
1451 2258 1464 2270 .
1518 2258 1529 2270 .
1582 2260 1593 2272 .
1648 2237 1720 2274 105

240 2283 415 2320 Africa
447 2283 542 2320 ultra
571 2284 735 2320 citimam
767 2283 993 2332 Aethiopiae
1022 2288 1168 2332 partem
1199 2308 1594 2322 .......
1671 2287 1722 2323 77

242 2333 559 2382 Alchymista
626 2357 1597 2372 ................
1672 2337 1724 2372 92

244 2383 357 2420 Alia
384 2384 558 2420 scientias
585 2383 760 2430 colendi,
790 2383 892 2420 alia
919 2382 1135 2419 inveniendi
1163 2382 1258 2418 ratio
1328 2407 1595 2420 .....
1675 2386 1723 2423 15

246 2433 823 2471 Ambitionishominum
852 2444 1042 2482 genera
1070 2433 1141 2469 tria
1169 2439 1206 2470 et
1233 2431 1373 2482 gradus
1455 2459 1466 2470 .
1520 2458 1532 2470 .
1585 2460 1597 2472 .
1652 2436 1723 2473 135

247 2485 390 2521 Amor
417 2491 466 2521 et
493 2484 752 2534 amplexus
778 2483 1023 2520 novitatis
1081 2508 1597 2521 .........
1676 2487 1726 2523 59

248 2532 572 2583 Anaxagoras
632 2558 1597 2572 ................
1675 2538 1725 2572 76

246 2584 587 2634 Anaxagorae
622 2584 965 2621 hoinoiomera
1006 2609 1598 2622 ..........
1677 2587 1725 2622 05

249 2634 567 2685 Anticipatio
597 2634 773 2672 mentis
823 2659 1600 2673 .............
1680 2637 1726 2672 15

248 2685 575 2735 Anticipatio
607 2692 818 2722 naturae
879 2709 1601 2723 ............
1677 2685 1728 2721 4¹3

371 2734 419 2773 ad
447 2734 685 2772 subeundum
709 2747 901 2772 assensum
929 2734 1128 2772 validiores
1193 2762 1202 2772 .
1267 2759 1600 2772 ......
1678 2735 1728 2771 49

372 2798 503 2823 earum
529 2799 616 2822 usus
651 2808 1601 2823 ................
1680 2801 1729 2809 —-

373 2848 444 2886 per
468 2849 561 2886 quas
577 2836 690 2872 etiam
717 2836 752 2872 in
772 2835 936 2872 scientiis
955 2847 1142 2885 progress.
1156 2847 1281 2883 magn.
1300 2833 1381 2869 fieri
1398 2843 1473 2868 non
1494 2843 1604 2880 posse
1681 2855 1729 2860 —

373 2887 462 2923 satis
489 2886 622 2923 firmae
649 2892 735 2923 sunt
760 2885 807 2922 ad
835 2898 1059 2922 consensum
1139 2913 1147 2921 .
1212 2908 1601 2921 .......
1680 2885 1730 2921 48

254 2934 589 2986 Antiquitatis
619 2937 908 2974 reverentia
934 2948 956 2973 a
983 2947 1187 2985 progressu
1215 2934 1250 2969 in
1275 2931 1437 2969 scientiis
1463 2931 1606 2968 detinet
1693 2986 1696 2987 ⁷

423 2985 593 3025 homines
613 2994 651 3026 et
673 2986 753 3025 sere
777 2987 945 3024 incantat
1019 3008 1604 3022 ..........
1682 2988 1731 3022 ὅθ
