2064 3490
201 870 813 947 Serenissime
865 868 1690 966 Potentissimeque

719 1066 988 1136 Rex!

201 1441 403 1513 Poterit
431 1463 626 1512 fortasse
656 1462 880 1528 Majestas
919 1463 1028 1511 Tua
1058 1479 1128 1510 me
1160 1462 1270 1511 furti
1293 1463 1535 1526 incusare,
1573 1465 1694 1529 quod

202 1586 376 1627 tantum
397 1571 615 1643 temporis
646 1583 860 1642 qnantum
885 1577 940 1625 ad
962 1578 1077 1626 haee
1097 1577 1322 1638 sufficiat,
1355 1579 1552 1642 negotiis
1579 1578 1699 1627 Tuis

202 1695 448 1743 suffuratus
475 1692 577 1741 sim.
647 1691 754 1740 Non
774 1692 919 1740 habeo
944 1691 1062 1757 quod
1086 1691 1250 1740 dicam.
1278 1716 1281 1717 ⁷
1307 1692 1557 1757 Temporis
1581 1694 1701 1741 enim

205 1826 294 1857 non
314 1808 365 1855 fit
389 1807 634 1868 restitutio,
658 1806 747 1854 nisi
766 1806 883 1854 forte
906 1805 1024 1870 quod
1045 1805 1297 1854 detractum
1321 1806 1462 1855 suerit
1482 1809 1702 1873 temporis

203 1923 340 1971 rebus
372 1921 518 1984 Tuis,
555 1922 601 1969 id
625 1921 867 1970 memoriae
897 1918 1109 1968 Nominis
1131 1919 1228 1967 Tui
1261 1926 1307 1969 et
1340 1920 1505 1969 honori
1529 1924 1700 1972 saeculi

206 2037 302 2085 Tui
324 2036 484 2102 reponi
504 2037 667 2102 possit,
687 2036 726 2084 si
750 2035 882 2084 modo
906 2035 1020 2083 haee
1042 2034 1238 2099 alicujus
1259 2035 1352 2084 sint
1371 2036 1527 2101 pretii.
1561 2035 1704 2086 Sunt

205 2158 370 2201 certe
408 2167 657 2217 prorsus
705 2167 880 2212 nova,
923 2150 1102 2198 etiam
1145 2155 1273 2198 toto
1320 2167 1567 2215 genere,
1604 2152 1702 2200 sed

206 2267 515 2332 descripta
585 2283 655 2314 ex
720 2266 914 2315 veteri
980 2263 1284 2312 admodum
1340 2266 1702 2330 exemplari,

207 2381 413 2429 mundo
451 2380 702 2431 scilicet
737 2381 867 2446 ipso
904 2385 962 2428 et
998 2386 1207 2427 natura
1237 2394 1427 2426 rerum
1458 2384 1515 2426 et
1551 2397 1705 2428 men—

207 2496 301 2544 tis.
367 2494 473 2559 Ipse
508 2500 632 2543 certe
669 2500 716 2542 nt
751 2495 947 2559 ingenue
979 2483 1143 2554 feteat,
1181 2492 1350 2540 soleo
1388 2493 1703 2542 aestimare

208 2611 317 2659 hoc
354 2626 499 2675 opus
528 2609 709 2675 magis
745 2626 847 2675 pro
883 2614 1060 2674 partu
1097 2607 1387 2672 temporis
1425 2624 1582 2672 quam
1619 2609 1705 2656 in-

208 2725 388 2791 genii.
468 2723 593 2772 Illud
627 2725 745 2772 enim
781 2724 830 2771 in
860 2741 914 2772 eo
949 2721 1233 2772 solummodo
1275 2721 1553 2770 mirabile
1598 2729 1706 2782 est,

207 2839 392 2888 initia
430 2838 524 2888 rei
573 2844 631 2887 et
677 2843 886 2886 tantas
933 2838 1000 2887 de
1036 2837 1114 2885 iis
1144 2853 1290 2902 quae
1319 2836 1706 2889 invaluerunt

209 2954 618 3018 suspiciones,
662 2953 848 3002 alicui
894 2953 954 3000 in
998 2958 1246 3002 mentem
1297 2949 1496 2999 venire
1532 2956 1704 3015 potu·

1354 3026 1418 3070 1*
