1947 3456
278 307 341 353 92
830 309 1260 355 VERULAMII

375 432 505 493 Quod
531 431 686 495 siquis
713 431 766 477 ab
790 429 982 477 officinis
1015 431 1077 477 ad
1114 430 1517 478 bibliothecas
1553 446 1600 477 se
1629 446 1742 478 eon-

280 513 477 572 verterit,
500 518 543 559 et
563 513 838 570 immensam,
862 526 990 573 quam
1018 510 1211 557 videmus
1234 511 1446 557 librorum
1466 509 1741 570 varietatem,

278 592 323 638 in
367 591 657 637 admiratione
687 589 921 648 babuerit,
967 589 1034 648 is,
1090 590 1365 647 examinatis
1396 596 1441 637 et
1482 589 1740 653 diligentius

276 669 563 733 introspectis
592 669 789 732 ipsorum
820 669 1033 714 librorum
1059 667 1256 714 materiis
1278 674 1322 715 et
1350 671 1599 730 contentis,
1650 670 1744 716 ob-

277 753 581 811 stupescet
635 753 796 795 certe
856 747 911 793 in
978 747 1360 805 contrarium3
1415 754 1460 795 et
1506 754 1738 812 postquam

276 828 445 873 nullum
478 827 571 872 dari
602 826 731 873 {inem
765 826 1105 889 repetitionibus
1142 826 1468 886 observaverit,
1521 843 1740 891 quumque

275 906 477 952 homines
497 906 647 952 eadem
675 911 808 969 agant
834 911 878 952 et
897 907 1161 968 loquantur,
1191 907 1245 952 ab
1271 905 1562 952 admiratione
1593 905 1741 952 varie-

275 985 381 1032 tatis
429 985 715 1031 transibit
761 985 825 1031 ad
874 986 1211 1031 miraculum
1268 984 1643 1046 indigentiae
1686 989 1740 1031 et

274 1064 602 1128 paucitatis
634 1080 817 1110 earum
855 1080 1067 1123 rerum,
1104 1078 1243 1126 quae
1278 1063 1558 1109 hominum
1594 1080 1741 1111 men-

274 1148 362 1189 tes
399 1142 461 1188 ad
495 1143 599 1188 huc
635 1147 953 1189 tenuerunt
989 1147 1042 1189 et
1077 1147 1456 1205 occupa-runt.

378 1220 508 1280 Quod
541 1221 580 1267 si
611 1221 708 1285 quis
746 1221 801 1268 ad
834 1220 1091 1268 intuendum
1129 1237 1199 1281 ea,
1237 1236 1349 1284 quae
1382 1219 1523 1283 magis
1563 1219 1741 1266 curiosa

273 1300 494 1347 habentur
518 1316 645 1364 quam
674 1317 809 1361 sana,
846 1300 1038 1346 animum
1071 1299 1326 1346 submiserit
1351 1304 1395 1346 et
1431 1298 1741 1362 alchymis-

272 1385 451 1425 tarum
487 1385 583 1426 ant
615 1396 897 1442 magorum
929 1394 1103 1442 opera
1126 1378 1319 1443 penitius
1341 1377 1678 1441 introspexerit,
1702 1378 1742 1424 is

273 1458 494 1505 dubitabit
534 1458 749 1519 forsitan,
791 1464 937 1505 utrum
977 1457 1099 1517 risu,
1140 1473 1196 1502 an
1238 1455 1437 1503 lacrimis
1472 1457 1620 1520 potius
1659 1456 1741 1503 illa

271 1537 405 1600 digna
437 1538 542 1584 sint.

374 1615 750 1677 Alcliymista
781 1614 896 1661 enim
929 1630 1052 1677 spem
1085 1613 1166 1659 alit
1198 1617 1449 1672 aeternam,
1499 1617 1630 1676 atque
1661 1613 1737 1659 nbi

272 1711 345 1741 res
366 1710 455 1740 non
480 1693 696 1753 succedit,
729 1709 904 1740 errores
934 1691 1141 1756 proprios
1173 1707 1273 1738 reos
1303 1691 1556 1750 substituit,
1587 1707 1738 1738 secum

271 1773 551 1820 accusatorie
574 1771 838 1835 reputando,
864 1787 911 1817 se
936 1776 1012 1816 aut
1036 1770 1161 1830 artis,
1194 1774 1270 1816 aut
1297 1774 1496 1816 autorum
1524 1769 1738 1815 vocabula

271 1869 359 1899 non
391 1852 499 1898 satis
530 1850 827 1908 intellexisse,
864 1847 980 1895 unde
1009 1848 1062 1894 ad
1098 1848 1360 1895 traditiones
1394 1853 1438 1895 et
1461 1848 1736 1895 auriculares

272 1947 478 1978 susurros
500 1930 692 1976 animum
714 1929 938 1991 applicat,
974 1932 1050 1974 aut
1071 1926 1116 1972 in
1137 1928 1364 1990 practicae
1383 1942 1490 1974 suae
1513 1926 1736 1990 scrupulis

271 2015 316 2057 et
339 2009 573 2055 momentis
592 2006 758 2069 aliquid
788 2006 1023 2052 titubatum
1050 2023 1164 2066 esse,
1201 2006 1317 2053 unde
1351 2006 1656 2069 experimenta
1687 2005 1734 2051 in

268 2088 489 2134 infinitum
524 2086 687 2149 repetit
715 2101 767 2132 ac
798 2085 992 2144 interim,
1032 2101 1160 2148 quum
1193 2085 1310 2131 inter
1332 2084 1735 2147 experimentorum

269 2172 430 2226 sorteS,
464 2166 511 2212 in
536 2163 749 2228 quaedam
770 2163 945 2225 incidit,
982 2169 1058 2209 aut
1081 2165 1178 2226 ipsa
1202 2163 1316 2209 facie
1338 2179 1468 2222 nova,
1506 2168 1582 2208 aut
1602 2162 1732 2208 utili-

269 2251 361 2293 tate
396 2261 482 2291 non
525 2243 872 2304 contemnenda,
928 2242 1182 2306 hujusmodi
1226 2242 1487 2305 pignoribus
1539 2241 1731 2287 animum

269 2325 431 2389 pascit,
464 2339 602 2386 eaque
635 2323 682 2368 in
711 2322 855 2385 majus
885 2326 1079 2368 ostentat
1111 2326 1154 2368 et
1186 2321 1400 2380 celebrat,
1443 2320 1617 2383 reliqua
1652 2336 1731 2383 spe

269 2407 504 2450 sustentat.
574 2399 733 2465 Neque
764 2406 909 2447 tamen
933 2400 1180 2464 negandum
1207 2405 1299 2460 est,
1333 2399 1617 2461 alchymistas
1645 2415 1736 2446 non

268 2497 412 2545 pauca
434 2480 658 2527 invenisse
683 2485 729 2527 et
747 2479 939 2525 inventis
960 2480 1144 2525 utilibus
1168 2479 1368 2526 homines
1389 2477 1596 2525 donasse.
1643 2475 1733 2525 Ve-

268 2576 365 2606 rum
400 2559 551 2605 fabula
575 2560 657 2604 illa
683 2575 771 2605 non
809 2557 924 2604 male
961 2557 1008 2602 in
1041 2557 1145 2603 illos
1181 2557 1367 2620 quadrat
1398 2557 1451 2604 de
1485 2573 1616 2616 sene,
1656 2555 1730 2618 qui

267 2639 374 2685 filiis
396 2654 547 2684 aurum
569 2637 615 2683 in
638 2637 765 2684 vinea
786 2635 1025 2694 defossum,
1048 2634 1125 2682 sed
1150 2636 1298 2682 locum
1323 2652 1370 2683 se
1392 2635 1565 2683 nescire
1587 2633 1729 2680 simu-

267 2718 384 2777 lans,
417 2716 650 2779 legaverit,
672 2715 787 2762 unde
809 2714 878 2760 illi
905 2715 1056 2761 vineae
1081 2715 1315 2762 fodiendae
1338 2714 1576 2777 diligenter
1596 2711 1729 2758 ineu-

267 2796 473 2856 buerunt,
510 2799 554 2842 et
581 2810 732 2840 aurum
758 2793 930 2857 quidem
952 2795 1121 2840 nullum
1143 2799 1384 2858 repertum,
1407 2791 1484 2839 sed
1506 2789 1727 2837 vindemia

268 2891 322 2921 ex
343 2891 395 2921 ea
416 2875 591 2921 cultura
612 2873 731 2920 facta
749 2877 816 2920 est
836 2872 1029 2919 uberior.

370 2953 431 2998 At
468 2952 761 3000 naturalis
794 2951 1012 3014 magiae
1047 2967 1110 2997 cu
1128 2950 1341 3011 ltoreS,
1373 2948 1447 3013 qui
1477 2963 1559 3012 per
1579 2962 1725 2995 rerum
