2031 3490
526 299 785 349 NOVUM
841 300 1216 348 ORGANUM.
1512 301 1609 350 129

136 439 314 472 rerum
319 423 735 489 particularium
741 423 1017 485 fluetibus,
1037 430 1262 471 mentem
1278 422 1448 471 veluti
1460 423 1614 475 humo

140 506 373 569 affigere,
407 503 491 550 vel
499 504 680 567 potius
701 503 755 549 in
780 510 1050 550 tartarum
1073 503 1330 567 quoddam
1352 505 1615 566 confusio-

136 583 217 630 nis
242 590 296 629 et
311 581 730 647 perturbationis
752 582 975 647 dejicere
984 600 1006 641 ,·
1042 590 1201 647 atque
1224 584 1287 630 ab
1310 583 1615 633 abstractae

134 661 425 726 sapientiae
447 661 735 709 serenitate
770 669 825 709 et
853 662 1260 727 tranquillitate,
1292 669 1544 729 tanquam
1576 683 1610 713 a

137 747 289 789 statu
315 738 481 787 multo
509 740 773 800 dz’cw'niore,
810 759 992 789 arcere
1012 749 1068 790 et
1086 759 1421 791 summovere.

234 817 333 866 Nos
368 834 471 865 vero
509 819 615 866 huie
656 820 823 866 rationi
866 821 1062 867 libenter
1100 821 1395 881 assentimur,
1443 827 1488 868 et
1530 822 1616 869 hoc

131 898 296 962 ipsum,
333 897 450 962 quod
472 898 663 945 innuunt
684 914 737 945 ae
760 906 1055 964 praeoptant,
1085 901 1327 964 praecipue
1357 907 1489 965 atque
1514 907 1617 949 ante

131 978 279 1025 omnia
309 978 495 1040 agimuS.

230 1055 460 1103 Etenim
505 1071 695 1102 verum
745 1056 1044 1120 exemplar
1095 1057 1290 1104 mundi
1336 1058 1392 1105 in
1437 1059 1618 1108 intel-

129 1136 283 1183 lectu
317 1135 555 1182 humano
589 1134 912 1195 fundamus,
951 1136 1122 1199 quale
1157 1137 1476 1198 invenitur,
1511 1155 1620 1187 non

133 1216 300 1278 quale
337 1215 594 1279 cuipiam
629 1231 728 1262 sua
764 1214 1003 1279 propria
1038 1216 1192 1262 ratio
1227 1216 1567 1267 dictaverit.

230 1294 335 1342 Hoc
371 1300 517 1342 autem
547 1294 705 1358 perfici
741 1310 828 1341 non
867 1299 1032 1358 potest,
1067 1295 1155 1340 nisi
1188 1296 1308 1343 sacta
1343 1297 1496 1344 mundi
1522 1298 1619 1346 dis-

130 1374 330 1421 sectione
372 1379 505 1436 atque
546 1374 773 1420 anatomia
820 1372 1180 1436 diligentissima.
1255 1374 1472 1424 Medulos
1511 1394 1618 1425 vero

128 1454 306 1518 ineptos
341 1452 604 1499 mundorum
627 1457 672 1499 et
703 1457 911 1516 tanquam
944 1453 1172 1515 simiolas,
1210 1471 1319 1519 quas
1338 1456 1383 1502 in
1410 1456 1619 1520 philoso-

129 1534 247 1598 phiis
285 1532 547 1597 phantasiae
585 1531 813 1578 hominum
859 1537 1209 1595 exstruxerunt,
1259 1535 1439 1584 ο11111ἰ110
1480 1535 1619 1584 dissi-

127 1612 298 1677 pandas
336 1611 569 1660 edicimus.

231 1701 444 1750 Sciant
489 1702 688 1765 itaque
724 1702 1009 1763 homines,
1067 1702 1112 1748 id
1146 1694 1507 1768 quod‘superius
1544 1705 1619 1752 di-

128 1781 303 1840 ximus,
371 1787 636 1844 quantum
702 1781 950 1828 intersit
1006 1781 1161 1827 inter
1226 1781 1616 1832 HUMANAE

127 1858 437 1907 MENTIS
506 1859 760 1907 IDOLA
807 1866 860 1907 et
907 1858 1242 1907 DIVINAE
1307 1860 1618 1913 MENTIS

126 1935 385 1987 IDEAS.
456 1939 544 1986 Illa
581 1940 697 1987 enim
731 1940 840 1986 nihil
879 1940 1001 1986 aliud
1034 1948 1164 2002 sunt,
1212 1959 1342 2007 quam
1391 1944 1619 1990 abstra-

128 2018 356 2065 ctiones
389 2019 451 2065 ad
490 2020 801 2083 placitu1n3
838 2019 922 2066 hae
945 2025 1091 2067 autem
1117 2027 1220 2069 sunt
1252 2037 1391 2069 vera
1426 2021 1619 2085 signa—

128 2099 258 2145 cula
295 2099 590 2146 creatoris
627 2115 798 2162 super
834 2105 1166 2159 creaturas,
1205 2106 1339 2164 prout
1359 2100 1407 2147 in
1428 2101 1617 2149 materie

128 2194 209 2240 per
229 2178 373 2225 lineas
402 2195 527 2226 veras
559 2184 604 2225 et
630 2178 879 2241 exquisitas
899 2178 1215 2242 imprimuntur
1240 2185 1284 2226 et
1303 2179 1618 2229 terminantur.

232 2257 435 2321 Itaque
477 2257 816 2321 ipsissimae
856 2273 948 2304 res
993 2264 1125 2305 sunt
1161 2259 1216 2305 in
1257 2258 1362 2306 hoe
1398 2276 1617 2322 genere

130 2335 354 2382 veritas
401 2342 455 2383 et
502 2336 768 2396 utilitas,
819 2341 993 2400 atque
1043 2354 1226 2401 opera
1269 2339 1397 2402 ipsa
1426 2340 1618 2402 pluris

129 2413 403 2462 facienda
444 2421 603 2476 sunt,
652 2421 940 2480 quatenus
988 2422 1121 2463 sunt
1166 2417 1448 2466 veritatis
1492 2421 1618 2483 pig-

130 2509 296 2554 nora,
333 2511 490 2558 quam
530 2501 776 2560 propter
812 2495 967 2543 vitae
1005 2496 1314 2544 commoda.

768 2629 973 2678 CXXV.

232 2717 523 2768 Occurret
553 2719 819 2768 fortasse
855 2727 906 2769 et
939 2721 1118 2768 illud:
1153 2739 1267 2771 nos
1304 2730 1614 2788 tanquam

134 2806 352 2848 actum
387 2817 612 2862 agere,
663 2807 862 2865 atque
899 2803 1210 2868 antiquos
1256 2794 1616 2867 ipsosean-

131 2877 280 2936 dem,
316 2897 503 2944 quam
538 2897 671 2939 nos,
717 2880 887 2928 viam
927 2882 1233 2929 tenuisse.
1305 2880 1463 2944 Itaque
1498 2880 1616 2927 veri-

129 2955 275 3002 simile
295 2960 470 3019 putabit
492 2960 736 3024 quispiam:
774 2960 972 3009 etiam
1008 2976 1139 3020 nos,
1165 2966 1321 3024 post
1358 2967 1618 3008 tantum

184 3031 596 3069 VERULAM.ORG.
1360 3037 1386 3076 9
