1947 3456
255 265 310 308 12
796 263 1192 311 PRAEFATlo.

254 377 393 425 sciri
438 378 646 442 possit]
694 394 802 424 non
835 378 1138 440 disputare
1175 375 1269 422 sed
1306 378 1585 437 experiri.
1657 377 1727 425 Et

253 464 436 505 tamen
486 457 587 503 illi
644 457 787 520 ipsi,
830 457 1046 519 impetn
1098 461 1316 502 tantum
1360 455 1725 504 intellectus

252 538 365 597 usi,
423 537 678 599 regulam
735 551 843 582 non
899 533 1325 593 adhibuerunt,
1391 533 1487 580 sed
1534 534 1725 581 omnia

250 618 305 662 in
344 616 465 662 acri
500 613 881 661 meditatione
918 620 973 659 et
1005 613 1220 659 mentis
1256 613 1633 660 volutatione
1670 620 1724 660 ct

250 694 571 757 agitatione
607 698 896 756 perpetua
933 697 1273 754 posuerunt.

354 771 571 820 Nostra
614 776 800 818 autem
850 770 1041 830 ratio,
1083 775 1140 815 nt
1177 786 1350 832 opere
1391 770 1594 829 ardna,
1642 770 1722 816 ita

248 854 412 901 dictu
448 851 648 899 facilis
686 855 790 898 est.

350 931 431 979 Ea
469 931 614 979 enim
650 934 765 990 est,
811 933 869 974 ut
920 927 1303 974 certitudinis
1340 927 1553 990 gradus
1589 943 1723 975 con-

247 1013 589 1070 stituamus,
635 1024 860 1057 sensum
891 1024 1006 1072 per
1042 1008 1494 1056 reductionem
1527 1023 1721 1072 quan-

247 1093 386 1142 dam
422 1096 717 1148 tueamur,
753 1086 852 1134 sed
886 1086 1099 1132 mentis
1136 1102 1278 1150 opus
1315 1085 1459 1150 quod
1497 1101 1720 1134 sensum

246 1168 632 1233 subsequitur
687 1167 1031 1230 plerumque
1085 1165 1460 1229 rejiciamus,
1520 1180 1719 1212 novam

246 1257 433 1298 autem
471 1254 524 1294 et
561 1251 775 1293 certam
811 1244 981 1305 viam,
1019 1244 1085 1291 ab
1121 1244 1269 1307 ipsis
1293 1259 1562 1292 sensuum
1591 1259 1720 1308 per-

246 1327 656 1395 ceptionibus,
703 1324 881 1371 menti
922 1323 1250 1387 aperiamus
1298 1328 1351 1371 et
1386 1323 1719 1370 muniamus.

347 1409 498 1472 Atque
534 1406 620 1453 hoc
653 1403 949 1469 proculdubio
989 1402 1194 1450 viderunt
1229 1408 1273 1450 et
1312 1402 1410 1462 illi,
1457 1403 1532 1466 qui
1570 1407 1719 1449 tantas

244 1489 509 1538 dialecticae
535 1489 686 1549 partes
710 1483 978 1530 tribuerunt.
1049 1479 1125 1527 Ex
1153 1497 1240 1544 quo
1264 1481 1424 1545 liquet,
1455 1479 1562 1528 illos
1580 1481 1720 1528 intel-

242 1570 383 1618 lectui
421 1564 692 1613 adminicula
727 1561 1024 1626 quaesivisse,
1071 1561 1231 1607 mentis
1273 1566 1421 1607 autem
1457 1576 1717 1624 processum

242 1649 440 1698 nativum
471 1650 516 1693 et
547 1648 706 1708 sponte
734 1645 1011 1700 moventem,
1049 1645 1304 1703 suspectum
1323 1639 1550 1686 habuisse.
1620 1636 1717 1686 Sed

242 1745 390 1777 serum
413 1726 546 1790 plane
567 1723 699 1770 rebus
717 1720 905 1785 perditis
928 1720 1013 1766 hoc
1032 1719 1269 1767 adhibetur
1290 1718 1550 1779 remedium,
1585 1723 1716 1782 post-

242 1824 373 1874 quam
397 1821 520 1852 meus
544 1819 601 1850 ex
629 1800 888 1865 quotidiana
912 1800 1030 1846 vitae
1059 1799 1410 1860 consuetudine,
1442 1803 1487 1845 et
1517 1796 1716 1844 auditio-

239 1889 371 1936 nibus
400 1890 443 1932 et
465 1880 682 1930 doctrinis
702 1879 947 1943 inquinatis
979 1886 1223 1942 occupata,
1261 1884 1306 1926 et
1326 1876 1578 1925 vanissimis
1611 1875 1716 1923 ido-

240 1968 298 2014 lis
333 1966 515 2013 obsessa
539 1959 692 2007 fuerit.
762 1958 921 2022 Itaque
951 1974 1042 2004 ars
1080 1958 1189 2004 illa
1230 1956 1556 2005 dialectiae
1592 1971 1714 2016 sero,

240 2053 289 2094 ut
305 2045 527 2102 diximus,
565 2054 754 2098 cavens,
793 2053 936 2102 neque
959 2053 1052 2084 rem
1080 2037 1324 2084 ullomodo
1351 2036 1611 2096 restituens,
1647 2036 1713 2082 ad

240 2140 482 2175 errores
518 2119 720 2184 potius
753 2117 1056 2181 figendos,
1099 2132 1255 2180 quam
1299 2115 1365 2162 ad
1404 2114 1711 2163 veritatem

240 2201 614 2270 aperiendam
650 2198 853 2246 valuit.

340 2283 559 2330 Restat
605 2279 773 2325 unica
826 2277 983 2324 salus
1039 2291 1105 2323 ac
1153 2274 1408 2335 sanitas,
1466 2280 1523 2321 ut
1570 2291 1711 2340 opus

238 2362 449 2411 mentis
487 2360 824 2407 universum
863 2356 926 2403 de
968 2355 1211 2419 integro
1254 2359 1607 2416 resumatur,
1650 2370 1711 2402 ac

240 2439 421 2501 mens,
454 2442 567 2504 jam
600 2439 664 2485 ab
695 2438 821 2501 ipso
849 2435 1181 2499 principio,
1217 2434 1384 2481 nullo
1412 2433 1571 2481 modo
1599 2433 1709 2482 sibi

238 2522 627 2588 permittatur
667 2516 767 2564 sed
825 2517 1119 2578 perpetuo
1165 2518 1440 2575 regatur,
1497 2528 1563 2561 ac
1617 2527 1707 2559 res

238 2601 420 2650 veluti
448 2616 548 2663 per
578 2596 871 2645 machinas
906 2592 1285 2640 conficiatur.

337 2679 492 2740 Sane,
537 2678 574 2725 si
607 2675 809 2723 homines
855 2688 992 2736 opera
1028 2671 1288 2719 mechanica
1322 2671 1454 2719 nudis
1485 2666 1706 2727 manibus,

237 2762 402 2825 absque
424 2760 787 2806 instrumentorm
810 2751 853 2798 vi
879 2756 923 2799 et
952 2767 1036 2815 ope
1060 2751 1263 2814 aggressi
1287 2756 1452 2810 essent,
1491 2747 1708 2813 quemad-

235 2841 411 2888 modum
459 2852 596 2901 opera
638 2832 965 2880 intellectualia
1006 2831 1136 2877 nudis
1185 2830 1280 2877 fere
1331 2829 1492 2877 mentis
1538 2827 1707 2875 viribus

235 2926 430 2968 tractare
465 2934 551 2965 non
581 2914 865 2969 dubitarunt3
914 2927 1076 2974 parvae
1117 2908 1348 2960 admodum
1390 2908 1578 2956 fuissent
1614 2923 1703 2967 reS,
