1947 3456
256 266 326 310 28·
556 261 896 303 DELINEATIO
929 275 977 300 Er
1007 260 1414 301 ARGUMENTL'M.

257 378 526 442 multiplices
558 376 846 424 necessitates
880 381 923 422 et
961 375 1166 438 inopias,
1225 373 1334 420 adeo
1369 379 1417 419 ut
1449 373 1501 418 ad
1544 379 1713 437 partem

255 458 525 522 operativam
546 457 797 519 requiratur
823 454 1027 517 saepiuS,
1065 470 1151 499 non
1177 458 1265 498 tam
1289 451 1510 515 sapientia
1532 452 1715 499 univer«

255 537 362 585 salis
395 542 438 583 et
469 536 612 581 libera
640 533 692 580 de
729 550 780 580 eo
821 532 934 595 quod
970 532 1066 577 lieri
1097 537 1271 594 potest,
1317 547 1446 594 quam
1480 529 1716 594 prudentia

253 632 392 679 sagax
432 619 475 660 et
506 614 648 660 solers
686 612 741 658 ad
780 611 1000 657 delectum
1039 626 1332 673 eorumquae
1364 616 1542 674 praesto
1586 614 1714 667 suut3

252 696 340 742 ista
358 698 549 740 tractatu
577 691 753 738 felicius
783 689 977 752 disjungi
999 693 1341 735 consentaneum
1377 695 1457 736 est.
1529 689 1714 749 Quare

253 779 307 821 et
343 769 808 819 ministrationis
842 767 1077 815 eandem
1108 766 1495 830 partitionem
1531 767 1714 814 facie-

251 869 395 912 muS,
451 856 507 896 ut
561 854 652 894 aut
709 848 863 911 parti
924 859 1548 905 CONTEMPLATlvAE,
1615 848 1715 891 aut

252 943 533 981 ACTIVAE
579 928 968 974 ministretur.

347 1011 538 1071 Atque
596 1006 743 1070 quod
801 1006 866 1052 ad
915 1018 1171 1054 PARTEM
1224 1015 1713 1055 CONTEMPLATI-

252 1101 380 1136 VAM
435 1086 684 1144 attinet,
734 1092 782 1132 ut
811 1085 945 1130 verbo
985 1083 1209 1141 dicamus,
1265 1083 1310 1128 iu
1334 1100 1420 1130 uno
1447 1084 1578 1147 plane
1610 1086 1714 1128 sunt

248 1166 412 1213 omnia.
482 1163 582 1210 Hoc
615 1164 759 1227 ipsum
794 1180 883 1209 non
925 1161 1047 1208 aliud
1076 1167 1173 1220 est,
1236 1176 1366 1224 quam
1414 1168 1472 1208 ut
1518 1176 1711 1207 verum

249 1243 650 1292 constituatur
686 1243 906 1288 axioma
938 1243 1030 1289 sive
1061 1241 1177 1287 idem
1198 1241 1431 1303 copulata3
1463 1240 1573 1287 haec
1594 1239 1709 1286 enim

249 1330 316 1372 est
339 1322 539 1370 veritatis
570 1322 717 1385 portio
743 1321 914 1381 solida,
952 1338 1050 1368 cum
1085 1320 1276 1383 simplex
1314 1320 1437 1366 notio
1460 1320 1603 1366 instar
1631 1335 1712 1365 su·-

246 1402 448 1468 perficiei
482 1400 623 1448 videri
652 1400 810 1464 possit.
891 1399 992 1445 Hoc
1014 1404 1159 1445 autem
1200 1398 1377 1444 axioma
1413 1415 1500 1443 non
1532 1398 1712 1445 elicitur

248 1488 324 1530 aut
346 1484 630 1539 efformatur,
667 1479 754 1524 nisi
792 1495 888 1541 per
930 1477 1304 1524 inductionis
1354 1476 1589 1523 formam
1627 1477 1713 1523 le·-

247 1561 511 1624 gitimam
548 1565 602 1605 et
638 1557 964 1621 propriam,
1005 1573 1115 1620 quae
1141 1556 1463 1619 experientiam
1489 1557 1633 1602 solvat
1668 1561 1713 1602 et

248 1645 456 1702 separet,
494 1643 625 1700 atque
648 1653 727 1699 per
752 1636 1035 1682 exclusiones
1058 1641 1100 1682 et
1123 1635 1390 1697 rejectiones
1414 1634 1602 1694 debitas,
1633 1651 1710 1682 nc-

247 1718 442 1765 cessario
467 1715 719 1763 concludat.
791 1713 1073 1777 Vulgaris
1124 1720 1315 1761 autem
1365 1713 1632 1761 inductio
1664 1715 1709 1775 [a

248 1813 334 1861 qua
366 1804 511 1843 tamen
551 1795 870 1858 principiorum
912 1793 1110 1857 ipsorum
1149 1794 1434 1857 probationes
1477 1794 1705 1857 petuntur]

245 1876 417 1940 puerile
442 1874 646 1938 quiddam
668 1878 733 1919 est
757 1878 801 1919 et
822 1873 1026 1936 precario
1046 1873 1296 1933 concludit,
1334 1873 1534 1936 periculo
1556 1873 1610 1918 ab
1634 1872 1709 1918 in-

246 1955 412 2001 stantia
443 1953 790 2000 contradictoria
824 1952 1057 2015 exposita,
1106 1952 1216 1999 adeo
1249 1959 1297 1999 ut
1319 1951 1543 1999 dialectici
1567 1950 1619 1997 de
1654 1967 1707 1998 ea

246 2050 329 2080 nec
349 2033 465 2080 serio
488 2033 709 2095 cogitasse
735 2031 996 2090 videantur,
1032 2031 1310 2078 fastidientes
1335 2037 1378 2077 et
1404 2030 1455 2076 ad
1482 2030 1570 2076 alia
1596 2045 1707 2093 pro-

244 2118 469 2176 perantes.
540 2111 660 2157 Illud
683 2111 861 2157 interim
893 2110 1172 2157 manifestum
1196 2116 1295 2169 est,
1343 2126 1454 2173 quae
1488 2125 1589 2172 per
1621 2109 1707 2154 in-

246 2191 574 2238 ductionem
612 2190 874 2253 cujusvis
909 2193 1149 2253 generis
1185 2189 1538 2248 concluduntur,
1574 2189 1706 2235 simul

244 2276 288 2317 et
320 2270 511 2318 inveniri
543 2277 586 2317 et
618 2270 842 2333 judicari,
895 2286 979 2316 nec
1001 2286 1026 2316 a
1047 2269 1282 2334 principiis
1304 2274 1380 2315 aut
1411 2268 1566 2315 mediis
1591 2285 1705 2331 pen-

245 2348 378 2408 dere,
415 2349 492 2396 scd
518 2350 632 2396 mole
655 2355 774 2395 stare
799 2365 907 2409 sua,
944 2366 1087 2413 neque
1108 2348 1287 2395 aliunde
1305 2348 1504 2412 probari.
1555 2347 1705 2395 Multo

244 2428 385 2490 magis
419 2444 600 2475 necesse
636 2434 704 2474 est
732 2444 810 2487 ea,
866 2445 1005 2490 quae
1036 2446 1104 2475 ex
1152 2443 1284 2474 vera
1335 2427 1703 2474 inductionis

244 2508 426 2554 forma
457 2507 801 2554 excitantur
833 2507 1149 2567 axiomata,
1186 2524 1285 2554 esse
1308 2523 1355 2553 se
1378 2507 1490 2570 ipsis
1515 2512 1702 2554 conten-

243 2592 317 2647 ta,
356 2592 487 2649 atque
531 2586 642 2648 ipsis
671 2585 936 2649 principiis,
993 2603 1104 2649 quae
1136 2592 1377 2645 vocantur,
1430 2586 1623 2633 certiora
1658 2592 1703 2632 et

243 2665 458 2713 firmiora.
549 2665 698 2727 Atque
754 2665 839 2711 hoc
901 2682 1077 2728 genus
1154 2664 1526 2712 inductionis
1587 2664 1700 2710 illud

244 2750 342 2804 est,
398 2743 515 2808 quod
560 2743 1090 2807 interpretationis
1134 2744 1433 2791 formulam
1472 2743 1700 2807 appellare

244 2823 568 2870 consuevimus.
671 2822 829 2887 Itaque
905 2840 1013 2887 prae
1095 2823 1296 2870 omnibus
1372 2821 1701 2870 doctrinam

246 2900 311 2946 de
384 2903 827 2950 constitutione
914 2902 1232 2950 axiomatis
1315 2906 1372 2948 et
1448 2901 1700 2951 formula
