1947 3456
259 272 323 318 72
771 270 1201 316 VERULAMII

270 393 348 441 vit
381 396 426 440 et
461 408 518 440 ex
560 391 762 457 professo
794 392 954 440 tenuit.
1025 391 1156 452 Quae
1197 391 1306 439 licet
1344 391 1576 439 honestior
1619 393 1735 440 ratio

276 471 351 532 sit,
390 487 517 535 quam
543 489 571 535 p
588 471 969 518 renuntiandi
1006 471 1287 531 licentia,
1327 489 1458 535 quum
1479 471 1564 535 ipsi
1586 487 1667 534 pro
1689 488 1736 518 se

274 551 440 610 dicant,
477 567 523 596 se
556 550 736 596 minime
763 550 1035 597 confundere
1056 551 1413 614 inquisitionem,
1459 556 1508 597 nt
1529 549 1737 614 Pyrrho

273 630 382 677 fecit
417 634 461 675 et
495 628 781 694 ΕΡῘιθοτίοί,
818 629 894 675 sed
917 629 1080 675 habere
1109 628 1226 691 quod
1249 636 1491 693 sequantur
1527 636 1575 676 ut
1612 646 1739 693 pro—

277 707 500 766 babile,
544 708 653 754 licet
682 724 771 754 non
813 708 1004 754 habeant
1046 707 1162 771 quod
1203 713 1383 755 teneant
1427 715 1475 756 ut
1521 725 1738 767 νει-01ης

277 791 442 846 tamen,
478 791 712 850 postquam
738 787 910 833 animus
935 787 1150 834 humanus
1181 786 1234 834 de
1262 787 1447 834 veritate
1478 787 1743 833 invenienda

278 867 417 913 semel
433 865 752 929 desperaverit,
773 866 949 914 omnino
973 866 1118 912 omnia
1138 865 1247 912 fiunt
1260 865 1567 928 languidiora3
1588 882 1641 912 ex
1659 883 1743 929 quo

276 944 342 1004 fit,
376 949 424 991 ut
449 944 686 992 deflectant
712 945 912 991 homines
934 945 1081 1008 potius
1115 944 1168 990 ad
1194 960 1400 991 amoenas
1421 945 1743 1009 disputationes

277 1027 322 1068 et
349 1021 576 1069 discursus
608 1030 652 1071 et
683 1041 830 1071 rerum
871 1023 1081 1086 quasdam
1114 1025 1484 1087 perag-rationes,
1533 1041 1662 1088 quam
1694 1025 1740 1071 in

276 1101 514 1148 severitate
535 1101 836 1165 inquisitionis
856 1119 903 1149 se
930 1103 1193 1159 sustineant.

379 1178 564 1240 Verum,
587 1181 702 1244 quod
725 1196 752 1226 a
779 1181 1001 1244 principio
1035 1180 1228 1227 diximus
1252 1167 1296 1227 et
1315 1186 1530 1244 perpetuo
1555 1183 1744 1245 agimus,

279 1258 477 1305 sensui
504 1264 559 1306 et
594 1259 939 1306 intellectui
962 1260 1205 1307 humano
1234 1275 1550 1324 'eorumque
1578 1262 1746 1309 infir-

278 1336 499 1398 mitati,
565 1338 862 1385 autoritas
929 1356 1038 1387 non
1105 1345 1190 1388 est
1254 1339 1583 1402 deroganda
1646 1341 1742 1388 sed

282 1416 510 1463 auxilia
544 1417 899 1481 praebenda.

900 1541 1136 1589 LXVIII.

382 1627 532 1693 Atque
557 1629 611 1677 de
653 1629 1085 1679 IDOLORUM
1132 1631 1385 1695 singulis
1432 1633 1749 1695 generibus

282 1723 522 1772 eorumque
551 1716 767 1773 apparatu
800 1711 892 1774 jam
931 1710 1150 1772 diximus,
1197 1727 1309 1775 quae
1347 1712 1495 1758 omnia
1526 1714 1749 1759 constanti

283 1791 328 1832 et
394 1788 570 1834 solenni
627 1789 806 1836 decreto
871 1795 973 1836 sunt
1031 1791 1290 1853 abneganda
1346 1796 1391 1838 et
1437 1792 1750 1854 renuntianda,

284 1870 329 1910 et
377 1865 634 1915 intellectus
676 1869 731 1915 ab
780 1869 837 1915 iis
876 1868 1053 1915 omnino
1098 1869 1356 1916 liberandus
1388 1875 1456 1917 est
1498 1875 1543 1917 et
1580 1888 1751 1935 expur-

283 1944 480 2004 gandus3
521 1953 570 1993 ut
610 1964 699 1993 non
741 1947 855 1993 alius
900 1946 994 1993 fere
1030 1947 1088 1993 sit
1131 1948 1277 1996 aditus
1318 1948 1372 1994 ad
1418 1947 1752 1998 REGNUM

283 2021 628 2073 HOMINIS
669 2025 812 2089 quod
855 2024 1131 2072 fundatur
1178 2027 1236 2074 in
1281 2028 1585 2089 scientiis,
1623 2047 1752 2094 quam

287 2102 340 2149 ad
378 2101 714 2151 REGNUM
763 2101 1229 2164 GOELORUM,
1277 2106 1332 2151 in
1364 2107 1539 2170 quod,
1588 2107 1755 2156 NISI

288 2179 432 2228 SUB
492 2181 863 2231 PERSONA
917 2181 1332 2245 INFANTIS,
1393 2184 1752 2233 INTRARE

287 2258 444 2308 NON
499 2260 790 2310 DATUR.

923 2350 1114 2399 LXIX.

392 2453 467 2499 At
501 2469 714 2517 pravae
743 2454 1296 2516 demonstrationes,
1332 2454 1757 2504 IDOLORUM

292 2530 430 2577 veluti
471 2532 740 2581 munitiones
782 2533 996 2598 quaedam
1047 2539 1150 2581 sunt
1189 2540 1234 2582 et
1273 2535 1522 2598 praesidia3
1571 2551 1755 2599 eaeque,

294 2625 404 2672 quas
436 2609 482 2656 in
511 2610 759 2659 dialecticis
790 2613 1031 2673 habemus,
1068 2613 1114 2660 id
1146 2613 1241 2661 fere
1274 2619 1437 2677 agunt,
1471 2620 1520 2662 ut
1548 2614 1756 2661 mundum

293 2689 427 2752 plane
459 2689 804 2753 cogitationibus
837 2692 1070 2753 humanis,
1107 2693 1401 2756 cogitationes
1434 2699 1579 2741 autem
1611 2693 1759 2740 verbis

293 2767 502 2816 addicant
527 2773 571 2815 et
599 2769 870 2833 mancipent.

389 2846 434 2893 D
449 2863 528 2894 em
540 2863 565 2894 0
579 2864 607 2893 11
620 2852 668 2894 st
680 2865 703 2894 1·
715 2849 835 2895 atio
848 2865 873 2894 11
890 2865 913 2895 e
924 2865 945 2895 s
981 2866 1101 2910 vero,
1130 2850 1330 2913 potentia
1352 2848 1539 2913 quadam
1560 2848 1760 2913 philoso-

295 2923 425 2987 phiae
446 2926 570 2988 ipsae
590 2933 692 2974 sunt
715 2933 759 2975 et
783 2927 1013 2975 scientiae.
1081 2928 1249 2987 Quales
1273 2928 1391 2976 enim
1420 2945 1499 2976 eae
1524 2933 1655 2990 sunt,
1701 2945 1755 2976 ac
