2031 3490
587 255 846 302 NOVUM
905 257 1285 305 ORGANUM.
1599 257 1697 305 127

212 397 356 446 neque
380 380 437 428 ad
465 379 510 428 id
535 379 652 445 quod
683 380 834 443 agitur
863 379 965 443 plus
998 380 1218 428 interesse
1251 386 1488 445 putamus,
1528 388 1694 446 utrum,

210 477 326 525 quae
345 461 438 524 jam
464 460 778 519 invenientur,
817 458 1014 522 antiquis
1047 459 1155 506 olim
1188 461 1396 524 cognita,
1433 466 1479 508 et
1510 478 1594 526 per
1616 481 1695 513 re-

211 558 308 587 rum
344 538 673 588 vicissitudines
702 542 747 585 et
778 538 960 585 saec-ula
1001 538 1255 587 occidentia
1286 547 1331 588 et
1362 541 1556 589 orientia
1584 543 1694 605 sint,

210 637 340 685 quam
379 618 632 666 bominibus
671 633 807 665 curae
843 634 942 666 esse
973 618 1164 681 debere,
1208 626 1356 668 utrum
1390 637 1532 669 novus
1571 623 1695 671 orbis

209 701 349 749 fuerit·
386 698 538 746 insula
563 697 646 744 illa
671 697 906 747 Atlantis
939 704 983 745 et
1018 700 1156 746 veteri
1191 700 1356 749 mundo
1394 702 1602 765 cognita,
1633 719 1693 752 an

207 796 328 827 nunc
381 778 574 843 primum
621 784 817 842 reperta.
900 777 1057 826 Reru
1075 796 1114 826 m
1171 781 1288 828 enim
1343 781 1613 831 inventio
1665 800 1693 831 a

207 866 450 907 naturae
505 858 639 905 luce
696 857 974 921 petenda,
1032 875 1138 907 non
1187 860 1251 907 ab
1297 859 1692 926 antiquitatis

208 938 475 988 tenebris
511 935 830 1001 repetenda
868 942 968 983 est.

311 1016 473 1078 Quod
520 1032 650 1063 vero
707 1014 770 1062 ad
819 1014 1219 1065 universalem
1263 1017 1439 1065 istam
1490 1037 1691 1085 repre-

204 1096 546 1146 hensionem
578 1095 812 1156 attinet,
850 1096 1252 1144 certissimum
1288 1104 1378 1145 est
1411 1115 1545 1147 vere
1577 1117 1692 1148 rem

205 1176 550 1242 reputanti,
606 1191 721 1223 eam
769 1181 825 1223 et
872 1176 1055 1239 magis
1109 1177 1482 1241 probabilem
1541 1197 1690 1243 esse,

205 1263 258 1305 et
295 1257 480 1321 magis
517 1254 854 1315 modestam,
892 1272 1053 1320 quam
1089 1257 1138 1304 si
1171 1257 1329 1305 faeta
1366 1257 1583 1308 fuisset
1621 1278 1690 1309 ex

205 1343 388 1402 parte.
470 1334 528 1384 Si
560 1335 678 1382 enim
713 1334 761 1381 in
797 1336 954 1399 primis
991 1337 1249 1384 notionibus
1291 1354 1470 1386 errores
1497 1339 1690 1388 radicati

208 1434 297 1464 non
321 1416 537 1472 fuissent,
574 1414 674 1462 fieri
695 1431 784 1462 non
808 1416 1059 1479 potuisset,
1100 1418 1205 1482 quin
1229 1418 1448 1465 nonnulla
1465 1425 1589 1467 recte
1613 1419 1690 1466 in-

206 1502 364 1556 venta,
409 1495 500 1542 alia
535 1510 770 1559 perperam
811 1495 993 1543 inventa
1028 1498 1350 1546 correxissent.
1431 1497 1529 1547 Sed
1563 1515 1689 1547 eum

201 1591 442 1625 errores
479 1575 956 1624 fundamentales
990 1577 1237 1639 fuerint,
1279 1584 1414 1643 atque
1448 1579 1690 1643 ejusmodi,

203 1663 251 1706 ut
280 1656 484 1705 homines
507 1655 658 1720 potius
692 1672 765 1703 res
793 1656 1079 1720 neglexerint
1098 1673 1151 1705 ae
1176 1658 1522 1722 praeterierint,
1555 1677 1689 1725 quam

200 1737 256 1785 de
283 1737 378 1784 illis
413 1752 596 1801 pravum
633 1742 710 1782 ant
754 1735 915 1783 salsum
955 1736 1176 1801 judicium
1204 1738 1422 1799 fecerint3
1457 1741 1688 1789 minime

201 1818 398 1864 mirum
455 1821 571 1877 est,
630 1815 668 1863 si
724 1815 926 1864 homines
979 1816 1027 1864 id
1072 1833 1163 1865 non
1212 1819 1516 1881 obtinuerint,
1566 1821 1685 1885 quod

199 1915 289 1946 non
323 1896 523 1961 egerint3
556 1912 641 1944 nec
677 1895 732 1942 ad
770 1902 932 1944 metam
972 1897 1288 1961 pervenerint,
1326 1915 1457 1963 quam
1484 1916 1572 1947 non
1604 1917 1687 1966 po-

197 1978 372 2027 suerint
415 1982 492 2024 aut
529 1976 823 2035 collocarint3
861 1993 1005 2041 neque
1041 1977 1156 2025 viam
1188 1980 1358 2027 emensi
1397 1979 1514 2042 sint,
1553 1998 1687 2046 quam

192 2075 287 2112 'non
321 2057 518 2121 ingressi
557 2056 648 2104 sint
689 2062 766 2104 aut
800 2056 1043 2105 tenuerint.

300 2138 489 2203 Atque
524 2136 910 2184 insolentiam
948 2137 1034 2185 rei
1072 2136 1216 2201 quod
1251 2138 1494 2201 attinet,
1543 2146 1684 2202 certe,

193 2219 233 2266 si
280 2219 407 2282 quis,
450 2232 607 2263 manus
653 2217 909 2264 constantia
955 2223 1088 2282 atque
1137 2218 1259 2266 oculi
1311 2218 1464 2282 vigore
1516 2220 1684 2268 lineam

195 2297 338 2361 magis
364 2304 551 2352 rectam,
590 2300 666 2342 aut
699 2296 917 2343 circulum
957 2297 1100 2361 magis
1124 2297 1391 2362 perfectum,
1428 2316 1476 2347 se
1507 2299 1686 2348 descri-

193 2377 301 2424 bere
330 2391 462 2440 posse
490 2391 621 2439 quam
652 2375 788 2423 alium
822 2377 1099 2441 quempiam,
1130 2378 1217 2425 sibi
1243 2385 1466 2438 assumat3
1502 2379 1684 2428 induci-

192 2462 268 2504 tur
297 2455 475 2504 scilicet
505 2455 737 2503 facultatis
765 2457 1060 2521 comparatio.
1134 2456 1265 2517 Quod
1293 2458 1331 2505 si
1363 2459 1462 2523 quis
1491 2468 1683 2522 asserat,

189 2553 240 2584 se
264 2535 464 2583 adbibita
489 2536 647 2599 regula
677 2542 755 2583 aut
783 2537 1090 2585 circumducto
1120 2537 1310 2599 circino,
1347 2539 1513 2588 lineam
1539 2540 1682 2603 magis

191 2621 391 2676 rectam,
423 2621 501 2663 aut
534 2616 753 2664 circulum
783 2617 926 2680 magis
958 2617 1208 2682 perfectum
1239 2635 1374 2682 posse
1406 2619 1681 2680 describere,

190 2711 322 2760 quam
353 2695 546 2759 aliquem
571 2696 708 2742 alium
733 2696 776 2742 vi
807 2697 905 2743 sola
931 2698 1049 2744 oculi
1075 2704 1119 2745 et
1148 2714 1330 2757 manus;
1367 2699 1407 2746 is
1442 2705 1564 2746 certe
1590 2715 1680 2745 non

189 2774 423 2823 admodum
455 2776 655 2840 jactator
680 2776 833 2824 fuerit.
906 2777 1027 2838 Quin
1055 2777 1158 2839 hoc,
1195 2778 1311 2842 quod
1348 2778 1554 2837 dicimus,
1590 2793 1681 2825 non

189 2855 334 2902 solnm
363 2858 412 2902 in
435 2855 523 2904 hoe
544 2862 700 2904 nostro
735 2863 898 2904 conatu
925 2859 1069 2921 primo
1094 2864 1139 2905 et
1164 2858 1390 2920 inceptivo
1415 2858 1563 2904 locum
1595 2857 1680 2904 ha-

186 2932 279 2995 bet,
310 2934 389 2982 sed
409 2936 544 2984 etiam
564 2937 762 3001 pertinet
782 2936 837 2984 ad
857 2953 953 2997 eos,
977 2937 1052 3001 qui
1074 2936 1180 2984 huie
1202 2937 1267 2984 rei
1289 2935 1480 3001 posthae
1500 2938 1679 2986 inc-um-
