1947 3456
303 301 401 350 144
767 306 1006 351 INDEX
1052 306 1312 353 RERUM.

1641 425 1773 461 Pagina

301 471 583 519 Elementa,
613 483 711 522 quae
741 478 895 521 vocant,
943 497 1585 512 ...........
1637 475 1698 512 54.
1724 475 1774 512 68

302 521 640 571 Empedocles
691 546 1652 561 ................
1726 526 1777 561 76

301 570 566 621 Empirici‚
593 571 774 608 formicae
799 583 906 609 more
943 599 953 608 .
1003 597 1015 609 .
1067 598 1077 608 .
1129 586 1141 608 ·.
1194 596 1654 610 ........
1704 573 1779 609 104

428 620 516 669 quid
547 621 627 657 ausi
656 621 750 657 sint*
794 646 803 656 .
868 645 1649 658 .............
1728 624 1776 659 65

302 669 407 719 Eph
422 669 574 706 ectici
624 694 1651 708 .................
1726 672 1778 709 72

302 719 336 755 E
352 732 375 768 p
388 719 398 754 i
412 732 430 754 e
445 731 465 754 u
480 731 497 754 r
510 732 531 755 u
545 731 562 755 s
624 744 1650 757 .................
1726 722 1777 758 76

302 768 642 817 Epithalamii
679 774 845 805 votum
885 793 1650 806 .............
1727 772 1778 807 32

301 818 467 854 Eremi
503 824 541 854 et
566 818 755 854 vastitates
782 825 997 866 temporum
1064 841 1650 855 ..........
1727 821 1777 857 83

301 867 525 904 Errores
557 867 1009 913 fundamentales,
1047 865 1137 916 quid
1173 864 1370 904 effecerint
1446 891 1456 902 .
1509 892 1522 904 .
1575 891 1587 904 .
1640 893 1652 904 .
1705 870 1780 907 127

302 916 578 953 ERRATIS
618 916 1035 953 NESCIENTES
1075 941 1652 954 ..........
1728 920 1778 956 99

301 966 388 1002 Est
414 966 576 1015 imperiti
605 974 641 1003 et
667 966 796 1002 leviter
823 965 1122 1015 philosophantis
1187 990 1650 1002 ........
1727 969 1778 1004 56

302 1015 543 1052 Etlinicis
569 1016 647 1053 vice
675 1016 888 1064 theologiae
915 1015 1153 1064 philosophia
1179 1013 1330 1051 moralis
1393 1041 1652 1053 .....
1725 1017 1776 1053 84

302 1065 660 1114 Eucatalepsia
709 1089 1650 1102 ................
1702 1067 1775 1102 131

302 1114 373 1151 Ex
407 1114 429 1150 d
448 1115 672 1150 otatione
699 1115 771 1150 (liv.
799 1126 918 1162 genus
937 1113 1039 1150 hum.
1061 1113 1123 1162 jus
1157 1124 1184 1148 s.
1203 1112 1240 1147 in
1269 1119 1444 1149 naturam
1471 1113 1652 1163 competit
1704 1117 1777 1152 136

304 1164 374 1200 Ex
402 1162 508 1198 fide
533 1163 699 1199 aliena
729 1170 776 1199 et
804 1163 1087 1200 autoritate
1122 1173 1271 1198 coeca
1296 1161 1429 1210 recipit
1452 1161 1527 1211 log.
1555 1162 1652 1211 vulg.
1730 1166 1779 1201 18

302 1213 386 1249 EX
421 1212 795 1250 FRUCTIBUS
837 1211 1218 1249 JUDICETUR
1277 1229 1296 1247 .·
1337 1238 1655 1250 ......
1728 1215 1779 1251 79

304 1263 373 1299 Ex
396 1261 595 1298 iudiciis
617 1263 802 1298 nostris
825 1262 1072 1298 innotescitin
1087 1261 1192 1298 inviis
1203 1260 1292 1297 etin
1307 1260 1373 1296 viis
1389 1260 1655 1312 compendium
1729 1266 1780 1300 30

303 1312 378 1349 Ex
408 1311 688 1348 omnimoda
715 1312 1042 1362 experientia
1069 1311 1274 1361 primum
1301 1310 1531 1349 inventio
1560 1324 1653 1349 cau-

482 1373 606 1397 sarum
633 1369 670 1398 et
696 1362 926 1398 axiomatum
953 1373 1124 1397 verorum
1149 1359 1332 1397 elicienda
1396 1387 1650 1398 .....
1725 1364 1778 1402 75

307 1411 379 1448 Ex
408 1411 876 1461 veteriexemplari
907 1411 1167 1460 descripta
1218 1436 1656 1448 ........
1755 1414 1779 1449 3

307 1460 590 1509 Exemplar
623 1462 793 1497 mundi
821 1461 856 1497 in
886 1460 1076 1496 intellectu
1103 1460 1270 1496 humano
1296 1457 1514 1506 fundamus,
1541 1460 1653 1509 quale

478 1510 677 1555 invenitur,
695 1523 771 1547 non
789 1510 899 1560 quale
911 1510 1074 1559 cuipiam
1089 1521 1156 1546 sua
1172 1509 1327 1558 propria
1342 1508 1438 1544 ratio
1456 1509 1652 1547 dictaverit
1706 1513 1777 1548 129

307 1559 601 1608 Exemplum
629 1560 903 1597 delirantis
931 1559 1416 1595 rationishumanae
1458 1585 1468 1596 .
1519 1586 1528 1596 .
1579 1586 1592 1597 .
1645 1587 1655 1597 .
1731 1563 1778 1598 13

430 1609 625 1645 idolorum·
645 1622 757 1659 quae¹
775 1621 844 1659 per
871 1610 993 1646 verbav
1014 1608 1218 1645 intellectui
1243 1609 1489 1657 imponuntur
1516 1635 1528 1646 .
1576 1636 1588 1647 .
1641 1636 1653 1647 .
1730 1612 1780 1646 (32

430 1659 626 1695 rationalis
651 1661 800 1709 generis
828 1658 1174 1708 philosophantium
1208 1683 1654 1696 ........
1731 1661 1778 1696 65

307 1708 654 1758 Experientia
680 1709 764 1758 lege
790 1714 892 1745 certa
922 1708 1093 1756 procedit
1122 1707 1287 1745 seriatim
1314 1713 1353 1744 et
1377 1707 1614 1745 continenter
1641 1734 1653 1746 .
1706 1711 1779 1745 108

430 1758 542 1806 longe
570 1759 712 1807 optima
741 1758 1012 1796 demonstratio
1069 1782 1653 1795 ..........
1728 1760 1778 1795 73

427 1807 575 1843 literata
615 1831 1654 1845 .................
1707 1808 1779 1845 109

309 1854 684 1906 Experientiae
709 1856 1036 1894 fundamenta
1061 1855 1186 1893 adhuc
1206 1854 1360 1893 fuerunt
1382 1861 1448 1892 aut
1472 1855 1573 1893 nulla
1592 1862 1659 1893 aut

485 1906 691 1944 admodum
717 1907 866 1943 infirma
936 1931 1655 1945 ............
1705 1907 1778 1943 106

431 1957 551 2004 notio,
579 1957 673 1993 ordo
744 1969 760 1995 .’
811 1983 821 1994 .
875 1983 887 1995 .
939 1974 951 1993 .’
1003 1970 1017 1994 ε
1068 1982 1079 1993 .
1131 1969 1141 1992 .“
1193 1981 1655 1994 ........
1729 1957 1779 1992 88

306 2003 743 2053 Experimentum,
768 2006 871 2042 notio
951 2034 959 2042 .
1008 2032 1020 2043 .
1071 2021 1084 2043 ¹.
1137 2030 1653 2043 .........
1729 2025 1780 2030 ——

305 2052 674 2103 Experimenta
702 2055 920 2091 lucifera
1010 2080 1526 2092 .........
1593 2056 1678 2092 108.
1707 2054 1780 2090 124

306 2101 784 2153 Experimentorum
815 2102 1094 2151 methodus,
1121 2103 1255 2151 ordo,
1285 2115 1555 2153 processus
1577 2129 1589 2140 .
1642 2129 1652 2139 .
1706 2105 1779 2140 108

434 2153 603 2190 cumulus
677 2177 1652 2191 ................
1728 2154 1780 2189 77

308 2202 594 2241 Extremum
622 2209 687 2240 aut
710 2203 892 2240 extimum
919 2201 1051 2240 mundi
1129 2226 1653 2240 .........
1730 2202 1777 2239 55

309 2392 570 2445 Fastidita
608 2407 959 2458 experienti33
1000 2417 1089 2445 vera
1116 2407 1175 2443 via
1203 2406 1353 2444 deserta
1388 2405 1588 2443 interclusa
1616 2411 1654 2442 et

434 2465 441 2473 ⁴
483 2464 673 2500 obstructa
749 2490 762 2501 .
815 2462 825 2501 ζ
878 2462 889 2502 ζ
942 2462 953 2501 ζ
1006 2487 1653 2503 ...........
1729 2463 1780 2499 89

308 2513 615 2550 Familiares
643 2524 899 2551 sermones
937 2537 1651 2551 ............
1727 2512 1778 2547 34

309 2563 461 2600 Fides
489 2575 536 2598 ex
564 2563 742 2612 operibus
774 2569 1000 2600 monstretur
1072 2586 1651 2600 ..........
1726 2562 1775 2596 79

308 2609 453 2649 Fidei
482 2612 772 2648 a'liment'um
807 2639 819 2650 .
873 2612 895 2651 .’
939 2612 959 2650 .'
1001 2635 1649 2651 ...........
1727 2611 1776 2645 99

310 2661 459 2699 Fidei
485 2660 674 2697 ancilla
747 2687 1208 2699 ........
1258 2671 1270 2682 ·
1324 2687 1334 2697 .
1388 2686 1398 2697 .
1451 2687 1461 2697 .
1514 2684 1524 2696 .
1561 2664 1586 2696 ⁴.
1637 2683 1648 2694 .
1726 2677 1777 2684 --

309 2710 664 2748 Fideidentur
691 2722 818 2759 quae
848 2709 1119 2747 sideisunt
1192 2731 1650 2747 ........
1726 2708 1775 2743 68

310 2760 726 2797 Fideietsensus
754 2760 1044 2808 conjugium
1122 2781 1646 2797 .........
1725 2758 1774 2793 98

310 2810 494 2858 Figura
521 2809 645 2845 artis
672 2809 961 2845 inveniendi
988 2808 1147 2858 simplex
1177 2814 1215 2845 et
1239 2807 1343 2845 nuda
1378 2831 1648 2845 .....
1725 2805 1775 2840 24

311 2859 411 2895 Fili
443 2857 732 2906 bombycini
761 2858 997 2896 inventio
1064 2880 1522 2896 ........
1586 2854 1674 2890 114.
1703 2855 1774 2891 115

310 2908 452 2945 Finis
481 2913 684 2945 etmeta
711 2907 1053 2945 scientiarum
1128 2929 1585 2944 ........
1635 2904 1700 2941 86.
1725 2904 1776 2939 87

311 2957 449 2994 Finis
474 2957 790 2995 excellentia
872 2978 1647 2994 .............
1702 2954 1774 2989 133
