2064 3490
559 309 818 355 Novum
878 308 1255 355 ORGANUM.
1582 309 1652 358 97

178 429 349 494 majore
372 435 449 478 aut
480 432 613 479 etiam
638 432 827 490 minore,
869 445 999 493 quam
1031 429 1131 478 fieri
1161 431 1410 492 consuevit,
1444 433 1560 482 mole
1584 436 1652 483 vel

178 509 402 557 volumine
423 510 652 570 exhibeat,
685 515 730 556 et
750 509 933 556 similia.

279 587 484 653 Itaque
528 589 758 636 minime
815 588 1007 635 mirum
1057 596 1171 650 est,
1230 588 1279 636 si
1328 588 1554 637 nobilia
1599 599 1655 640 et

176 684 396 731 genere
432 668 675 715 humano
725 668 901 732 digna
934 669 1198 729 inventa,
1245 668 1300 714 in
1337 668 1519 716 lucem
1559 687 1655 719 ex-

175 752 372 795 tracta
417 764 525 794 non
571 747 711 808 sint,
768 738 902 812 quum
942 748 1144 804 homines
1191 747 1445 811 hujusmodi
1477 750 1654 814 exiguis

174 827 327 890 pensis
349 832 394 874 et
414 827 661 891 puerilibus
685 829 884 875 contenti
903 834 946 875 et
971 827 1182 876 delectati
1203 826 1386 888 fuerint,
1411 828 1654 892 quinetiam

174 905 222 951 in
251 905 410 953 iisdem
448 921 496 953 se
537 922 743 969 magnum
788 907 967 972 aliquod
1010 914 1222 972 sequutus
1269 913 1347 953 aut
1390 916 1654 972 assequutus

173 985 446 1048 putaverint.

762 1053 1058 1102 LXXXIX.

275 1142 435 1208 Neque
465 1143 578 1191 iilud
603 1145 1044 1209 praetermittendum
1071 1150 1165 1204 est,
1212 1143 1330 1208 quod
1360 1150 1528 1192 nacta
1575 1144 1657 1193 sit

174 1221 558 1287 philosophia
603 1225 900 1273 naturalis
937 1241 1018 1288 per
1053 1241 1205 1271 omnes
1232 1230 1402 1271 aetates
1452 1224 1657 1272 adver-

174 1303 385 1349 sarium
426 1304 727 1351 molestum
774 1310 827 1352 et
869 1304 1222 1363 difficilem,
1272 1304 1657 1366 superstitio-

174 1398 293 1429 nem
340 1383 606 1429 nimirum
646 1389 700 1431 et
744 1384 927 1431 zelum
965 1382 1285 1446 religionis
1333 1397 1564 1429 caecum
1605 1388 1658 1431 et

172 1460 622 1511 immoderatum.

274 1540 457 1604 Etenim
488 1541 635 1588 videre
671 1546 740 1588 est
771 1540 890 1604 apud
920 1539 1151 1600 Graecos,
1192 1556 1298 1599 eos,
1337 1539 1413 1604 qui
1443 1540 1654 1605 primum,

173 1636 388 1668 causas
437 1621 750 1667 naturales
805 1620 1070 1667 fulminis
1128 1625 1182 1667 et
1227 1624 1657 1683 tempestatum,

174 1699 363 1747 insuetis
385 1699 531 1746 adbuc
556 1698 782 1746 hominum
819 1699 1001 1746 auribus
1031 1703 1378 1763 proposuerunt,
1415 1699 1659 1763 impietatis

174 1778 222 1824 in
253 1778 360 1826 deos
395 1795 447 1826 eo
470 1778 648 1826 nomine
686 1778 934 1824 damnatos.
1006 1776 1106 1824 Nec
1140 1778 1280 1825 multo
1304 1778 1464 1825 melius
1496 1795 1660 1825 anon-

173 1858 312 1905 nullis
344 1858 629 1922 antiquorum
655 1863 832 1922 patrum
863 1856 1098 1919 religionis
1132 1855 1407 1903 christianae
1442 1863 1658 1920 exceptos

172 1937 311 1984 fuisse
342 1954 437 1998 eos,
475 1938 550 2002 qui
585 1954 644 1985 ex
677 1936 941 1985 certissimis
976 1935 1457 1995 demonstrationibus,
1499 1936 1659 1999 quibus

172 2033 303 2064 nemo
343 2017 477 2065 hodie
508 2033 642 2064 sanus
675 2015 1032 2074 contradixerit,
1088 2020 1255 2061 terram
1286 2014 1524 2061 rotundam
1562 2031 1661 2062 esse

172 2102 419 2159 posuerunt
439 2102 572 2161 atque
594 2113 651 2144 ex
668 2094 963 2160 consequenti
984 2093 1220 2158 antipodas
1240 2110 1338 2141 esse
1356 2100 1661 2141 asseruerunt.

277 2174 554 2237 Quinetiam,
587 2181 637 2222 ut
668 2192 788 2223 nunc
819 2180 923 2221 sunt
955 2190 1056 2233 reS,
1089 2173 1289 2220 conditio
1324 2189 1577 2220 sermonum
1607 2172 1661 2220 de

173 2260 352 2316 natura,
388 2256 509 2302 facta
545 2260 614 2302 est
649 2254 806 2301 durior
837 2259 881 2301 et
911 2253 1053 2316 magis
1087 2269 1185 2300 cum
1220 2252 1440 2316 periculo,
1477 2257 1662 2316 propter

173 2333 486 2397 theologorum
520 2333 894 2381 scholasticorum
930 2348 1124 2379 summas
1169 2338 1214 2378 et
1258 2330 1519 2388 methodos3
1568 2330 1661 2394 qui,

175 2428 274 2458 cum
294 2411 589 2477 theologiam,
613 2413 722 2460 satis
743 2429 825 2476 pro
849 2418 1090 2476 potestate,
1111 2412 1156 2457 in
1181 2411 1382 2458 ordinem
1406 2409 1663 2473 redegerint

175 2491 282 2539 etin
311 2492 421 2540 artis
451 2493 636 2540 formam
673 2491 962 2552 effinxerint,
1001 2492 1087 2538 boc
1113 2491 1297 2554 insuper
1321 2491 1582 2547 effecerunt,
1616 2494 1663 2536 ut

175 2587 412 2634 pugnax
438 2579 493 2619 et
529 2572 772 2636 spinosa
797 2570 1199 2620 Aristotelis
1218 2568 1662 2635 philosophia,

175 2651 417 2716 corpori
454 2650 811 2713 religionis,
845 2651 1100 2715 plusquam
1126 2665 1208 2714 par
1233 2656 1347 2710 erat,
1381 2650 1447 2695 im
1464 2650 1660 2696 misce-

175 2744 200 2774 r
211 2745 234 2776 e
247 2734 266 2777 t
279 2746 306 2776 u
320 2747 359 2777 r.

277 2807 455 2857 Eodem
489 2807 623 2855 etiam
659 2813 891 2872 spectant,
939 2808 1047 2855 licet
1086 2807 1263 2855 diverso
1308 2805 1466 2864 modo,
1512 2819 1663 2850 eorum

176 2889 593 2948 commentationes,
633 2888 724 2952 qui
774 2887 1082 2934 veritatem
1119 2884 1490 2932 christianae
1526 2882 1665 2928 reli-

175 2963 374 3026 giouis
408 2983 477 3014 ex
522 2966 859 3031 principiis
907 2972 961 3013 et
1009 2963 1442 3011 autoritatibus
1478 2960 1667 3026 philo-

232 3042 501 3076 VERULAM.
530 3045 646 3076 One.
1412 3038 1438 3079 7
