1947 3456
274 268 335 311 26
576 262 650 302 DE
658 260 914 300 LINEATIO
947 273 995 299 m
1027 260 1434 300 ARGUMENTUM.

272 382 532 442 imparatam
564 383 695 440 atque
730 374 969 421 inhabilem
1001 390 1113 420 esse.
1181 372 1312 432 Quod
1343 376 1486 418 autem
1523 371 1577 418 ad
1608 371 1732 435 prius

272 459 433 506 malum
457 457 642 515 attInet,
678 454 824 500 facilis
849 458 916 499 est
944 452 1147 498 medendi
1172 453 1312 510 ratio,
1353 452 1484 497 unico
1511 451 1627 496 enim
1656 466 1732 496 re—

272 538 416 586 medio
454 535 725 592 absolvitur,
772 538 820 578 ut
853 532 977 577 nulla
1007 531 1092 576 nisi
1126 530 1178 577 de
1206 531 1375 594 scripto
1397 529 1628 593 inquisitio
1658 534 1734 574 aut

270 617 467 665 inventio
488 612 743 675 recipiatur.
814 609 1010 656 Perinde
1048 610 1163 655 enim
1195 617 1287 669 cst,
1337 615 1386 656 ut
1415 609 1513 673 quis
1551 608 1734 654 inter-

272 694 658 761 pretationem
698 695 939 735 naturae
976 689 1020 733 in
1057 688 1205 751 aliquo
1229 689 1438 751 subjecto„
1467 686 1734 734 memoria

270 776 367 823 sola.
388 773 521 820 nixus
552 769 787 833 complecti
817 768 949 826 velit,
987 782 1039 812 ae
1069 768 1107 813 si
1139 767 1491 830 computationes
1523 767 1733 830 epheme-

270 855 380 903 ridis
414 850 669 899 memoriter
709 854 862 894 tenere
890 851 965 892 aut
998 844 1214 909 perficere
1248 851 1404 892 tentet.
1479 843 1732 904 Quinetiam

271 933 379 981 satis
409 931 576 994 liquet,
636 932 841 991 quantum
879 925 1116 972 memoriae
1143 930 1187 971 et
1214 924 1373 971 mentis
1399 924 1620 971 discursui
1648 923 1735 969 tri-

269 1015 481 1070 buamus,
520 1025 616 1055 eum
644 1023 727 1053 nee
755 1005 807 1052 de
829 1005 997 1068 scripto
1018 1004 1348 1063 inventionem,
1398 1004 1482 1050 nisi
1516 1019 1616 1067 per
1651 1008 1733 1048 ta-

269 1091 436 1138 bulas
496 1087 796 1134 ordinatas
852 1084 1105 1146 probemus.
1185 1081 1257 1128 De
1308 1083 1555 1145 posteriore
1594 1082 1733 1145 igitur

268 1169 409 1231 magis
449 1164 756 1212 laborandum.
836 1163 986 1225 Atque
1008 1167 1159 1219 certe,
1216 1166 1447 1224 postquam
1485 1161 1732 1224 subjeetum

267 1246 544 1311 inquisitioni
567 1243 854 1291 constitutum
879 1247 923 1287 et
944 1240 1320 1300 terminatumsit,
1347 1246 1478 1304 atque
1499 1256 1525 1286 a
1545 1256 1734 1303 corpore

268 1344 414 1375 rerum
448 1324 689 1371 abscissum
716 1321 825 1368 etin
847 1319 1076 1366 confusum
1108 1319 1360 1365 constiterit
1384 1320 1444 1380 [in
1475 1336 1560 1383 quo
1590 1319 1732 1365 habe-

268 1423 364 1453 mus
392 1403 631 1461 nonnulla,
670 1416 782 1464 quae
813 1399 984 1445 utiliter
1006 1398 1351 1462 praecipiamus]
1374 1397 1730 1444 ministratio

269 1486 381 1531 ista
421 1482 482 1528 ad
519 1480 835 1528 memoriam
869 1479 1063 1525 tribus
1102 1476 1296 1539 operis
1337 1477 1459 1523 sive
1497 1476 1731 1523 officiis

269 1568 531 1609 constare
577 1559 822 1606 videtur.
904 1557 1096 1602 Primo
1131 1555 1415 1615 docebimus,
1464 1556 1615 1618 qualia
1643 1557 1733 1603 sint

269 1658 349 1702 ea,
386 1657 497 1704 quae
519 1640 639 1686 eirca
659 1637 904 1699 subjectum
934 1635 1081 1681 (latum
1104 1635 1196 1680 sive
1227 1634 1503 1697 propositum
1537 1635 1732 1696 [discur-

267 1720 405 1768 rendo
427 1736 509 1783 per
538 1716 787 1775 historiam]
814 1715 979 1778 inquiri
1011 1714 1226 1772 debeant,
1262 1713 1377 1776 quod
1400 1719 1467 1759 est
1485 1714 1628 1760 instar
1657 1720 1731 1761 to-

267 1801 410 1864 picae.
482 1796 710 1845 Secund
730 1813 782 1854 o,
830 1811 915 1856 quo
954 1792 1109 1839 ordine
1141 1793 1221 1838 illa
1252 1792 1428 1855 disponi
1460 1798 1664 1856 oporteat
1688 1799 1733 1840 et

267 1880 312 1925 iu
343 1878 575 1926 tabulas
612 1874 771 1938 digeri.
843 1871 1000 1935 Neque
1034 1879 1180 1918 tamen
1206 1872 1297 1918 ullo
1329 1872 1457 1919 modo
1483 1890 1728 1936 speramus,

267 1975 415 2005 veram
437 1957 503 2004 rei
524 1972 705 2012 venam,
753 1968 863 2016 quae
899 1966 954 1997 ex
982 1951 1189 2013 analogia
1226 1951 1419 1998 universi
1447 1952 1534 2011 sit,
1577 1952 1668 2015 jam
1703 1970 1728 2000 a

266 2036 489 2101 principio
526 2033 715 2080 inveniri
751 2047 911 2094 posse,
957 2035 1007 2076 ut
1031 2046 1126 2075 eam
1161 2030 1344 2092 partitio
1375 2036 1613 2093 sequatur,
1652 2033 1728 2079 sed

266 2122 434 2164 tantum
458 2118 772 2178 apparentem,
809 2116 856 2156 ut
879 2126 950 2156 res
973 2109 1121 2172 aliquo
1141 2108 1271 2154 modo
1293 2115 1470 2155 secetur
1495 2110 1540 2156 in
1562 2116 1729 2174 partes.

269 2194 463 2242 Citius
527 2193 671 2240 enim
739 2193 991 2251 emerget
1066 2187 1287 2234 veritas
1347 2204 1370 2234 e
1430 2188 1728 2251 salsitate,

269 2290 423 2339 quam
463 2290 486 2319 e
518 2269 898 2325 confusione3
960 2271 1013 2313 et
1048 2266 1297 2313 facilius
1343 2267 1502 2314 ratio
1548 2271 1730 2316 corri-

267 2359 360 2416 get
416 2351 827 2415 partitionem,
886 2362 1044 2409 quam
1094 2347 1425 2409 penetrabit
1473 2363 1729 2396 massam.

269 2431 474 2479 Tertio
497 2431 647 2494 itaque
663 2427 961 2484 ostendemus,
979 2424 1256 2488 quomodo
1281 2431 1324 2472 et
1349 2444 1454 2490 quo
1478 2432 1731 2490 tempore

266 2510 496 2574 inquisitio
518 2510 575 2555 sit
596 2504 937 2568 reintegranda,
980 2509 1024 2550 et
1060 2503 1295 2551 chartae
1333 2506 1448 2553 sive
1494 2507 1729 2553 tabulae

265 2588 693 2655 praecedentes
743 2585 799 2629 in
845 2583 1086 2629 chartas
1123 2584 1385 2631 novellas
1435 2591 1730 2648 transpor*

266 2669 490 2727 tandae,
517 2672 561 2713 et
583 2664 809 2728 quoties
830 2661 1060 2725 inquisitio
1073 2660 1398 2725 sitrepetenda.
1436 2662 1616 2710 Etenim
1633 2663 1731 2726 pri-

266 2766 359 2796 mas
395 2748 647 2796 chartarum
685 2743 824 2790 series
861 2741 929 2787 vel
970 2741 1174 2803 sequelas
1210 2758 1344 2805 super
1378 2743 1507 2805 polos
1543 2742 1729 2788 mobiles

268 2829 378 2875 verti
399 2825 631 2875 statuimus
647 2857 662 2884 ,
693 2827 737 2870 et
761 2826 928 2868 tantum
964 2820 1248 2882 probationes
1269 2837 1366 2868 esse
1389 2826 1433 2867 et
1458 2826 1730 2868 tentamenta

265 2906 595 2969 inquisitionis3
653 2901 868 2966 siquidem
909 2906 1095 2946 mentem
1134 2899 1178 2944 in
1223 2905 1423 2946 naturam
1470 2916 1615 2947 rerum
1654 2901 1728 2963 jus
