<?xml version="1.0" encoding="UTF-8"?>
<!DOCTYPE html PUBLIC "-//W3C//DTD XHTML 1.0 Transitional//EN"
    "http://www.w3.org/TR/xhtml1/DTD/xhtml1-transitional.dtd">
<html xmlns="http://www.w3.org/1999/xhtml" xml:lang="en" lang="en">
 <head>
  <title>
</title>
<meta http-equiv="Content-Type" content="text/html;charset=utf-8" />
  <meta name='ocr-system' content='tesseract 3.04.00' />
  <meta name='ocr-capabilities' content='ocr_page ocr_carea ocr_par ocr_line ocrx_word'/>
</head>
<body>
  <div class='ocr_page' id='page_1' title='image "./franciscibaconid01baco/franciscibaconid01baco_0156.png"; bbox 0 0 1947 3456; ppageno 0'>
   <div class='ocr_carea' id='block_1_1' title="bbox 275 260 1384 310">
    <p class='ocr_par' dir='ltr' id='par_1_1' title="bbox 275 260 1384 310">
     <span class='ocr_line' id='line_1_1' title="bbox 275 260 1384 310; baseline 0.003 -3"><span class='ocrx_word' id='word_1_1' title='bbox 275 260 371 308; x_wconf 87' lang='lat'><strong>150</strong></span> <span class='ocrx_word' id='word_1_2' title='bbox 832 263 1068 306; x_wconf 89' lang='lat' dir='ltr'><strong>INDEX</strong></span> <span class='ocrx_word' id='word_1_3' title='bbox 1115 265 1384 310; x_wconf 85' lang='lat' dir='ltr'><strong>RERUM.</strong></span> 
     </span>
    </p>
   </div>
   <div class='ocr_carea' id='block_1_2' title="bbox 273 386 1758 1714">
    <p class='ocr_par' dir='ltr' id='par_1_2' title="bbox 273 386 1758 1714">
     <span class='ocr_line' id='line_1_2' title="bbox 1611 386 1743 420; baseline -0.015 -4"><span class='ocrx_word' id='word_1_4' title='bbox 1611 386 1743 420; x_wconf 75' lang='lat' dir='ltr'><strong>Pagina</strong></span> 
     </span>
     <span class='ocr_line' id='line_1_3' title="bbox 273 426 1749 476; baseline 0.003 -11"><span class='ocrx_word' id='word_1_5' title='bbox 273 427 439 466; x_wconf 83' lang='lat' dir='ltr'><strong>Modus</strong></span> <span class='ocrx_word' id='word_1_6' title='bbox 464 426 678 463; x_wconf 87' lang='lat' dir='ltr'><strong>inveniendi</strong></span> <span class='ocrx_word' id='word_1_7' title='bbox 701 433 738 464; x_wconf 91' lang='lat' dir='ltr'><strong>et</strong></span> <span class='ocrx_word' id='word_1_8' title='bbox 765 427 952 476; x_wconf 85' lang='lat' dir='ltr'><strong>probandi</strong></span> <span class='ocrx_word' id='word_1_9' title='bbox 976 455 987 465; x_wconf 89' lang='lat'><strong>.</strong></span> <span class='ocrx_word' id='word_1_10' title='bbox 1016 458 1018 460; x_wconf 96' lang='lat'>.</span> <span class='ocrx_word' id='word_1_11' title='bbox 1041 456 1622 469; x_wconf 90' lang='grc'><strong>..........</strong></span> <span class='ocrx_word' id='word_1_12' title='bbox 1698 437 1749 472; x_wconf 87' lang='grc'><strong>87</strong></span> 
     </span>
     <span class='ocr_line' id='line_1_4' title="bbox 402 476 1750 527; baseline 0.004 -13"><span class='ocrx_word' id='word_1_13' title='bbox 402 476 576 514; x_wconf 85' lang='lat' dir='ltr'><strong>tradendi</strong></span> <span class='ocrx_word' id='word_1_14' title='bbox 604 489 698 512; x_wconf 85' lang='lat' dir='ltr'><strong>unus</strong></span> <span class='ocrx_word' id='word_1_15' title='bbox 726 484 763 513; x_wconf 90' lang='lat' dir='ltr'><strong>et</strong></span> <span class='ocrx_word' id='word_1_16' title='bbox 788 477 945 527; x_wconf 84' lang='lat' dir='ltr'><strong>simplex</strong></span> <span class='ocrx_word' id='word_1_17' title='bbox 975 505 1625 519; x_wconf 79' lang='grc'><strong>...........</strong></span> <span class='ocrx_word' id='word_1_18' title='bbox 1700 488 1750 521; x_wconf 88' lang='grc'><strong>50</strong></span> 
     </span>
     <span class='ocr_line' id='line_1_5' title="bbox 276 526 1750 569; baseline 0.005 -7"><span class='ocrx_word' id='word_1_19' title='bbox 276 526 547 564; x_wconf 77' lang='lat' dir='ltr'>Monachus</span> <span class='ocrx_word' id='word_1_20' title='bbox 575 526 619 562; x_wconf 92' lang='lat' dir='ltr'><strong>in</strong></span> <span class='ocrx_word' id='word_1_21' title='bbox 650 526 838 563; x_wconf 89' lang='lat' dir='ltr'><strong>cellula</strong></span> <span class='ocrx_word' id='word_1_22' title='bbox 909 553 1624 567; x_wconf 87' lang='grc'><strong>............</strong></span> <span class='ocrx_word' id='word_1_23' title='bbox 1700 534 1750 569; x_wconf 84' lang='grc'><strong>85</strong></span> 
     </span>
     <span class='ocr_line' id='line_1_6' title="bbox 274 575 1749 626; baseline 0.004 -14"><span class='ocrx_word' id='word_1_24' title='bbox 274 576 464 613; x_wconf 88' lang='lat' dir='ltr'><strong>Monita</strong></span> <span class='ocrx_word' id='word_1_25' title='bbox 490 576 584 611; x_wconf 91' lang='lat' dir='ltr'><strong>duo</strong></span> <span class='ocrx_word' id='word_1_26' title='bbox 614 575 662 612; x_wconf 92' lang='lat' dir='ltr'><strong>ad</strong></span> <span class='ocrx_word' id='word_1_27' title='bbox 689 575 915 626; x_wconf 86' lang='lat' dir='ltr'><strong>aperiendas</strong></span> <span class='ocrx_word' id='word_1_28' title='bbox 938 575 1131 614; x_wconf 89' lang='lat' dir='ltr'><strong>hominum</strong></span> <span class='ocrx_word' id='word_1_29' title='bbox 1163 585 1308 616; x_wconf 83' lang='lat' dir='ltr'><strong>mentes</strong></span> <span class='ocrx_word' id='word_1_30' title='bbox 1358 605 1623 617; x_wconf 76' lang='grc'><strong>.....</strong></span> <span class='ocrx_word' id='word_1_31' title='bbox 1700 584 1749 619; x_wconf 83' lang='grc'><strong>31</strong></span> 
     </span>
     <span class='ocr_line' id='line_1_7' title="bbox 397 624 1751 668; baseline 0.004 -6"><span class='ocrx_word' id='word_1_32' title='bbox 397 626 469 662; x_wconf 87' lang='lat' dir='ltr'><strong>alia</strong></span> <span class='ocrx_word' id='word_1_33' title='bbox 494 624 568 661; x_wconf 89' lang='lat' dir='ltr'><strong>duo</strong></span> <span class='ocrx_word' id='word_1_34' title='bbox 588 652 1558 667; x_wconf 85' lang='grc'><strong>................</strong></span> <span class='ocrx_word' id='word_1_35' title='bbox 1616 632 1673 668; x_wconf 88' lang='grc'><strong>13.</strong></span> <span class='ocrx_word' id='word_1_36' title='bbox 1703 632 1751 668; x_wconf 87' lang='grc'><strong>14</strong></span> 
     </span>
     <span class='ocr_line' id='line_1_8' title="bbox 274 674 1749 727; baseline 0.003 -15"><span class='ocrx_word' id='word_1_37' title='bbox 274 675 407 712; x_wconf 84' lang='lat' dir='ltr'><strong>More</strong></span> <span class='ocrx_word' id='word_1_38' title='bbox 435 674 1213 714; x_wconf 85' lang='lat' dir='ltr'><strong>novorumhominumhonorem</strong></span> <span class='ocrx_word' id='word_1_39' title='bbox 1250 684 1494 727; x_wconf 84' lang='lat' dir='ltr'><strong>petentes</strong></span> <span class='ocrx_word' id='word_1_40' title='bbox 1545 705 1555 715; x_wconf 90' lang='lat'><strong>.</strong></span> <span class='ocrx_word' id='word_1_41' title='bbox 1610 705 1622 716; x_wconf 95' lang='lat'>.</span> <span class='ocrx_word' id='word_1_42' title='bbox 1677 682 1749 717; x_wconf 84' lang='grc'><strong>126</strong></span> 
     </span>
     <span class='ocr_line' id='line_1_9' title="bbox 276 723 1750 767; baseline 0.005 -7"><span class='ocrx_word' id='word_1_43' title='bbox 276 725 443 761; x_wconf 78' lang='lat' dir='ltr'><strong>Motus</strong></span> <span class='ocrx_word' id='word_1_44' title='bbox 469 724 546 761; x_wconf 83' lang='lat' dir='ltr'><strong>sive</strong></span> <span class='ocrx_word' id='word_1_45' title='bbox 572 723 633 760; x_wconf 84' lang='lat' dir='ltr'><strong>lex</strong></span> <span class='ocrx_word' id='word_1_46' title='bbox 662 732 766 761; x_wconf 91' lang='lat' dir='ltr'><strong>actus</strong></span> <span class='ocrx_word' id='word_1_47' title='bbox 844 751 1622 767; x_wconf 87' lang='grc'><strong>.............</strong></span> <span class='ocrx_word' id='word_1_48' title='bbox 1700 732 1750 767; x_wconf 87' lang='grc'><strong>57</strong></span> 
     </span>
     <span class='ocr_line' id='line_1_10' title="bbox 275 774 1749 822; baseline 0.004 -12"><span class='ocrx_word' id='word_1_49' title='bbox 275 774 607 811; x_wconf 79' lang='lat' dir='ltr'><strong>Mulierculae</strong></span> <span class='ocrx_word' id='word_1_50' title='bbox 634 787 723 810; x_wconf 79' lang='lat' dir='ltr'><strong>vox</strong></span> <span class='ocrx_word' id='word_1_51' title='bbox 783 819 785 822; x_wconf 22' lang='grc' dir='ltr'><strong><em>ι</em></strong></span> <span class='ocrx_word' id='word_1_52' title='bbox 795 800 1621 816; x_wconf 86' lang='grc'><strong>..............</strong></span> <span class='ocrx_word' id='word_1_53' title='bbox 1677 781 1749 816; x_wconf 81' lang='grc'><strong>126</strong></span> 
     </span>
     <span class='ocr_line' id='line_1_11' title="bbox 275 823 1751 873; baseline 0.004 -14"><span class='ocrx_word' id='word_1_54' title='bbox 275 823 444 860; x_wconf 85' lang='lat' dir='ltr'>Mundi</span> <span class='ocrx_word' id='word_1_55' title='bbox 473 824 816 873; x_wconf 83' lang='lat' dir='ltr'><strong>pertransitus</strong></span> <span class='ocrx_word' id='word_1_56' title='bbox 850 851 860 861; x_wconf 87' lang='grc'><strong>.</strong></span> <span class='ocrx_word' id='word_1_57' title='bbox 911 852 919 859; x_wconf 94' lang='grc'><strong>.</strong></span> <span class='ocrx_word' id='word_1_58' title='bbox 973 850 1020 867; x_wconf 91' lang='grc'><strong>.,</strong></span> <span class='ocrx_word' id='word_1_59' title='bbox 1037 851 1626 865; x_wconf 89' lang='grc'><strong>..........</strong></span> <span class='ocrx_word' id='word_1_60' title='bbox 1679 831 1751 865; x_wconf 81' lang='grc'><strong>103</strong></span> 
     </span>
     <span class='ocr_line' id='line_1_12' title="bbox 274 872 1752 922; baseline 0.005 -15"><span class='ocrx_word' id='word_1_61' title='bbox 274 873 656 910; x_wconf 87' lang='lat' dir='ltr'><strong>Mundisenium</strong></span> <span class='ocrx_word' id='word_1_62' title='bbox 683 880 728 911; x_wconf 87' lang='lat' dir='ltr'><strong>et</strong></span> <span class='ocrx_word' id='word_1_63' title='bbox 754 872 1117 922; x_wconf 83' lang='lat' dir='ltr'><strong>grandaevitas</strong></span> <span class='ocrx_word' id='word_1_64' title='bbox 1167 902 1626 915; x_wconf 91' lang='grc'><strong>........</strong></span> <span class='ocrx_word' id='word_1_65' title='bbox 1701 880 1752 914; x_wconf 87' lang='grc'><strong>89</strong></span> 
     </span>
     <span class='ocr_line' id='line_1_13' title="bbox 276 921 1752 964; baseline 0.003 -5"><span class='ocrx_word' id='word_1_66' title='bbox 276 921 467 960; x_wconf 83' lang='lat' dir='ltr'>Musica</span> <span class='ocrx_word' id='word_1_67' title='bbox 515 949 1626 964; x_wconf 85' lang='grc'><strong>..................</strong></span> <span class='ocrx_word' id='word_1_68' title='bbox 1703 928 1752 964; x_wconf 85' lang='grc'><strong>85</strong></span> 
     </span>
     <span class='ocr_line' id='line_1_14' title="bbox 276 1118 1753 1177; baseline 0.003 -12"><span class='ocrx_word' id='word_1_69' title='bbox 276 1118 481 1165; x_wconf 82' lang='lat' dir='ltr'><strong>Natura</strong></span> <span class='ocrx_word' id='word_1_70' title='bbox 510 1128 646 1164; x_wconf 90' lang='lat' dir='ltr'><strong>intus</strong></span> <span class='ocrx_word' id='word_1_71' title='bbox 675 1128 915 1177; x_wconf 76' lang='lat' dir='ltr'><strong>transigit</strong></span> <span class='ocrx_word' id='word_1_72' title='bbox 978 1155 1627 1169; x_wconf 84' lang='grc'><strong>...........</strong></span> <span class='ocrx_word' id='word_1_73' title='bbox 1703 1132 1753 1169; x_wconf 82' lang='grc'><strong>44</strong></span> 
     </span>
     <span class='ocr_line' id='line_1_15' title="bbox 276 1176 1752 1227; baseline 0.002 -14"><span class='ocrx_word' id='word_1_74' title='bbox 276 1178 470 1214; x_wconf 87' lang='lat' dir='ltr'><strong>Natura</strong></span> <span class='ocrx_word' id='word_1_75' title='bbox 501 1189 597 1213; x_wconf 93' lang='lat' dir='ltr'><strong>non</strong></span> <span class='ocrx_word' id='word_1_76' title='bbox 623 1176 976 1227; x_wconf 82' lang='lat' dir='ltr'><strong>nisiparendo</strong></span> <span class='ocrx_word' id='word_1_77' title='bbox 1004 1178 1225 1215; x_wconf 85' lang='lat' dir='ltr'><strong>vincitur</strong></span> <span class='ocrx_word' id='word_1_78' title='bbox 1292 1178 1315 1216; x_wconf 63' lang='lat'><strong>,⁴</strong></span> <span class='ocrx_word' id='word_1_79' title='bbox 1355 1206 1363 1216; x_wconf 88' lang='lat'><strong>.</strong></span> <span class='ocrx_word' id='word_1_80' title='bbox 1418 1207 1429 1218; x_wconf 91' lang='lat'><strong>.</strong></span> <span class='ocrx_word' id='word_1_81' title='bbox 1481 1207 1493 1219; x_wconf 87' lang='lat'><strong>.</strong></span> <span class='ocrx_word' id='word_1_82' title='bbox 1545 1181 1649 1218; x_wconf 75' lang='lat'><strong>‚43.</strong></span> <span class='ocrx_word' id='word_1_83' title='bbox 1681 1183 1752 1217; x_wconf 80' lang='lat'><strong>135</strong></span> 
     </span>
     <span class='ocr_line' id='line_1_16' title="bbox 276 1226 1752 1276; baseline 0.003 -13"><span class='ocrx_word' id='word_1_84' title='bbox 276 1226 506 1263; x_wconf 82' lang='lat' dir='ltr'><strong>Naturae</strong></span> <span class='ocrx_word' id='word_1_85' title='bbox 533 1228 940 1276; x_wconf 83' lang='lat' dir='ltr'><strong>anticipationes</strong></span> <span class='ocrx_word' id='word_1_86' title='bbox 969 1254 1557 1268; x_wconf 89' lang='grc'><strong>..........</strong></span> <span class='ocrx_word' id='word_1_87' title='bbox 1608 1231 1671 1268; x_wconf 86' lang='grc'><strong>48.</strong></span> <span class='ocrx_word' id='word_1_88' title='bbox 1701 1232 1752 1267; x_wconf 87' lang='grc'><strong>49</strong></span> 
     </span>
     <span class='ocr_line' id='line_1_17' title="bbox 277 1277 1753 1327; baseline 0.003 -15"><span class='ocrx_word' id='word_1_89' title='bbox 277 1277 508 1313; x_wconf 84' lang='lat' dir='ltr'><strong>Naturae</strong></span> <span class='ocrx_word' id='word_1_90' title='bbox 536 1284 581 1313; x_wconf 90' lang='lat' dir='ltr'><strong>et</strong></span> <span class='ocrx_word' id='word_1_91' title='bbox 612 1289 875 1326; x_wconf 87' lang='lat' dir='ltr'><strong>corporum</strong></span> <span class='ocrx_word' id='word_1_92' title='bbox 917 1278 1378 1327; x_wconf 76' lang='lat' dir='ltr'><strong>contemplationes</strong></span> <span class='ocrx_word' id='word_1_93' title='bbox 1419 1306 1430 1317; x_wconf 92' lang='lat'>.</span> <span class='ocrx_word' id='word_1_94' title='bbox 1483 1306 1493 1316; x_wconf 90' lang='lat'><strong>.</strong></span> <span class='ocrx_word' id='word_1_95' title='bbox 1547 1305 1557 1316; x_wconf 85' lang='lat'><strong>.</strong></span> <span class='ocrx_word' id='word_1_96' title='bbox 1612 1305 1622 1316; x_wconf 85' lang='lat'><strong>.</strong></span> <span class='ocrx_word' id='word_1_97' title='bbox 1703 1283 1753 1316; x_wconf 88' lang='grc'><strong>60</strong></span> 
     </span>
     <span class='ocr_line' id='line_1_18' title="bbox 276 1326 1754 1376; baseline 0.003 -14"><span class='ocrx_word' id='word_1_98' title='bbox 276 1326 1156 1376; x_wconf 80' lang='lat' dir='ltr'><strong>Naturaeinterpretatiolegitima</strong></span> <span class='ocrx_word' id='word_1_99' title='bbox 1218 1355 1555 1367; x_wconf 88' lang='grc'><strong>......</strong></span> <span class='ocrx_word' id='word_1_100' title='bbox 1640 1332 1678 1367; x_wconf 84' lang='lat'><strong>9.</strong></span> <span class='ocrx_word' id='word_1_101' title='bbox 1703 1330 1754 1367; x_wconf 81' lang='lat'><strong>48</strong></span> 
     </span>
     <span class='ocr_line' id='line_1_19' title="bbox 277 1375 1756 1425; baseline 0.003 -13"><span class='ocrx_word' id='word_1_102' title='bbox 277 1375 506 1412; x_wconf 84' lang='lat' dir='ltr'><strong>Naturae</strong></span> <span class='ocrx_word' id='word_1_103' title='bbox 533 1377 809 1425; x_wconf 89' lang='lat' dir='ltr'><strong>quisolent</strong></span> <span class='ocrx_word' id='word_1_104' title='bbox 838 1377 1194 1414; x_wconf 87' lang='lat' dir='ltr'><strong>seimmiscere</strong></span> <span class='ocrx_word' id='word_1_105' title='bbox 1237 1404 1629 1416; x_wconf 88' lang='grc'><strong>.......</strong></span> <span class='ocrx_word' id='word_1_106' title='bbox 1704 1380 1756 1416; x_wconf 75' lang='lat'><strong>44</strong></span> 
     </span>
     <span class='ocr_line' id='line_1_20' title="bbox 280 1425 1630 1477; baseline 0.001 -15"><span class='ocrx_word' id='word_1_107' title='bbox 280 1425 509 1462; x_wconf 86' lang='lat' dir='ltr'><strong>Naturae</strong></span> <span class='ocrx_word' id='word_1_108' title='bbox 534 1439 584 1462; x_wconf 90' lang='lat' dir='ltr'><strong>su</strong></span> <span class='ocrx_word' id='word_1_109' title='bbox 600 1426 810 1472; x_wconf 64' lang='lat' dir='ltr'><strong>militas,</strong></span> <span class='ocrx_word' id='word_1_110' title='bbox 830 1427 1072 1464; x_wconf 84' lang='lat' dir='ltr'><strong>subtilitatem</strong></span> <span class='ocrx_word' id='word_1_111' title='bbox 1096 1427 1523 1476; x_wconf 85' lang='lat' dir='ltr'><strong>argumentandimultis</strong></span> <span class='ocrx_word' id='word_1_112' title='bbox 1535 1440 1630 1477; x_wconf 85' lang='lat' dir='ltr'><strong>par-</strong></span> 
     </span>
     <span class='ocr_line' id='line_1_21' title="bbox 457 1476 1751 1525; baseline 0.003 -14"><span class='ocrx_word' id='word_1_113' title='bbox 457 1476 555 1512; x_wconf 90' lang='lat' dir='ltr'><strong>tibus</strong></span> <span class='ocrx_word' id='word_1_114' title='bbox 582 1483 735 1525; x_wconf 83' lang='lat' dir='ltr'><strong>superat</strong></span> <span class='ocrx_word' id='word_1_115' title='bbox 774 1503 1626 1515; x_wconf 83' lang='grc'><strong>..............</strong></span> <span class='ocrx_word' id='word_1_116' title='bbox 1701 1478 1751 1516; x_wconf 84' lang='grc'><strong>45</strong></span> 
     </span>
     <span class='ocr_line' id='line_1_22' title="bbox 280 1524 1633 1578; baseline 0.001 -17"><span class='ocrx_word' id='word_1_117' title='bbox 280 1524 527 1562; x_wconf 85' lang='lat' dir='ltr'><strong>Naturam</strong></span> <span class='ocrx_word' id='word_1_118' title='bbox 555 1525 938 1574; x_wconf 88' lang='lat' dir='ltr'><strong>interpretandi</strong></span> <span class='ocrx_word' id='word_1_119' title='bbox 977 1532 1129 1563; x_wconf 87' lang='lat' dir='ltr'><strong>artem</strong></span> <span class='ocrx_word' id='word_1_120' title='bbox 1154 1526 1310 1576; x_wconf 88' lang='lat' dir='ltr'><strong>ipsam</strong></span> <span class='ocrx_word' id='word_1_121' title='bbox 1339 1538 1633 1578; x_wconf 87' lang='lat' dir='ltr'><strong>proponen-</strong></span> 
     </span>
     <span class='ocr_line' id='line_1_23' title="bbox 458 1575 1754 1615; baseline 0.002 -4"><span class='ocrx_word' id='word_1_122' title='bbox 458 1575 563 1611; x_wconf 88' lang='lat' dir='ltr'><strong>dam</strong></span> <span class='ocrx_word' id='word_1_123' title='bbox 593 1586 702 1612; x_wconf 90' lang='lat' dir='ltr'><strong>esse</strong></span> <span class='ocrx_word' id='word_1_124' title='bbox 779 1602 1628 1615; x_wconf 88' lang='grc'><strong>..............</strong></span> <span class='ocrx_word' id='word_1_125' title='bbox 1683 1579 1754 1614; x_wconf 82' lang='grc'><strong>136</strong></span> 
     </span>
     <span class='ocr_line' id='line_1_24' title="bbox 279 1623 1758 1677; baseline 0.003 -17"><span class='ocrx_word' id='word_1_126' title='bbox 279 1623 518 1661; x_wconf 89' lang='lat' dir='ltr'><strong>Naturam</strong></span> <span class='ocrx_word' id='word_1_127' title='bbox 542 1636 704 1661; x_wconf 89' lang='lat' dir='ltr'><strong>rerum</strong></span> <span class='ocrx_word' id='word_1_128' title='bbox 731 1625 999 1662; x_wconf 91' lang='lat' dir='ltr'><strong>intueatur</strong></span> <span class='ocrx_word' id='word_1_129' title='bbox 1021 1637 1058 1662; x_wconf 87' lang='lat' dir='ltr'><strong>n.</strong></span> <span class='ocrx_word' id='word_1_130' title='bbox 1085 1625 1217 1662; x_wconf 93' lang='lat' dir='ltr'><strong>ratio</strong></span> <span class='ocrx_word' id='word_1_131' title='bbox 1243 1625 1630 1677; x_wconf 85' lang='lat' dir='ltr'><strong>interpretandi</strong></span> <span class='ocrx_word' id='word_1_132' title='bbox 1682 1629 1758 1664; x_wconf 90' lang='grc'><strong>132</strong></span> 
     </span>
     <span class='ocr_line' id='line_1_25' title="bbox 279 1673 1757 1714; baseline 0.003 -5"><span class='ocrx_word' id='word_1_133' title='bbox 279 1673 439 1710; x_wconf 87' lang='lat' dir='ltr'><strong>Natus</strong></span> <span class='ocrx_word' id='word_1_134' title='bbox 471 1674 526 1711; x_wconf 87' lang='lat' dir='ltr'><strong>ad</strong></span> <span class='ocrx_word' id='word_1_135' title='bbox 556 1674 1085 1712; x_wconf 86' lang='lat' dir='ltr'><strong>utilitateshumanas</strong></span> <span class='ocrx_word' id='word_1_136' title='bbox 1112 1675 1347 1713; x_wconf 88' lang='lat' dir='ltr'><strong>Verulam</strong></span> <span class='ocrx_word' id='word_1_137' title='bbox 1430 1703 1442 1714; x_wconf 92' lang='lat'><strong>.</strong></span> <span class='ocrx_word' id='word_1_138' title='bbox 1731 1679 1757 1713; x_wconf 85' lang='lat'><strong>7</strong></span> 
     </span>
    </p>
   </div>
   <div class='ocr_carea' id='block_1_3' title="bbox 280 1702 1754 1826">
    <p class='ocr_par' dir='ltr' id='par_1_3' title="bbox 280 1702 1754 1826">
     <span class='ocr_line' id='line_1_26' title="bbox 1493 1702 1628 1715; baseline -0.015 0"><span class='ocrx_word' id='word_1_139' title='bbox 1493 1702 1515 1715; x_wconf 57' lang='grc' dir='ltr'><strong>,ι</strong></span> <span class='ocrx_word' id='word_1_140' title='bbox 1556 1702 1569 1714; x_wconf 70' lang='lat'>0</span> <span class='ocrx_word' id='word_1_141' title='bbox 1617 1702 1628 1713; x_wconf 72' lang='lat'>0</span> 
     </span>
     <span class='ocr_line' id='line_1_27' title="bbox 280 1722 1754 1774; baseline 0.003 -15"><span class='ocrx_word' id='word_1_142' title='bbox 280 1722 654 1772; x_wconf 86' lang='lat' dir='ltr'><strong>Navigationes</strong></span> <span class='ocrx_word' id='word_1_143' title='bbox 683 1732 729 1761; x_wconf 89' lang='lat' dir='ltr'><strong>et</strong></span> <span class='ocrx_word' id='word_1_144' title='bbox 758 1724 1209 1774; x_wconf 83' lang='lat' dir='ltr'><strong>peregrinationes</strong></span> <span class='ocrx_word' id='word_1_145' title='bbox 1237 1752 1249 1763; x_wconf 89' lang='lat'><strong>.</strong></span> <span class='ocrx_word' id='word_1_146' title='bbox 1302 1752 1312 1762; x_wconf 90' lang='lat'><strong>.</strong></span> <span class='ocrx_word' id='word_1_147' title='bbox 1367 1753 1376 1763; x_wconf 89' lang='lat'><strong>.</strong></span> <span class='ocrx_word' id='word_1_148' title='bbox 1429 1753 1439 1763; x_wconf 89' lang='lat'><em>.</em></span> <span class='ocrx_word' id='word_1_149' title='bbox 1505 1728 1567 1764; x_wconf 84' lang='lat'><strong>77.</strong></span> <span class='ocrx_word' id='word_1_150' title='bbox 1592 1730 1654 1764; x_wconf 85' lang='lat'><strong>90.</strong></span> <span class='ocrx_word' id='word_1_151' title='bbox 1683 1728 1754 1763; x_wconf 84' lang='lat'><strong>103</strong></span> 
     </span>
     <span class='ocr_line' id='line_1_28' title="bbox 280 1771 1634 1826; baseline 0.002 -17"><span class='ocrx_word' id='word_1_152' title='bbox 280 1771 352 1810; x_wconf 91' lang='lat' dir='ltr'><strong>Ne</strong></span> <span class='ocrx_word' id='word_1_153' title='bbox 381 1773 684 1810; x_wconf 89' lang='lat' dir='ltr'><strong>existiment</strong></span> <span class='ocrx_word' id='word_1_154' title='bbox 709 1774 960 1821; x_wconf 81' lang='lat' dir='ltr'><strong>homines,</strong></span> <span class='ocrx_word' id='word_1_155' title='bbox 997 1787 1082 1811; x_wconf 92' lang='lat' dir='ltr'><strong>nos</strong></span> <span class='ocrx_word' id='word_1_156' title='bbox 1118 1782 1311 1812; x_wconf 83' lang='lat' dir='ltr'><strong>sectam</strong></span> <span class='ocrx_word' id='word_1_157' title='bbox 1338 1775 1556 1826; x_wconf 84' lang='lat' dir='ltr'><strong>aliquam</strong></span> <span class='ocrx_word' id='word_1_158' title='bbox 1585 1775 1634 1811; x_wconf 92' lang='lat' dir='ltr'><strong>in</strong></span> 
     </span>
    </p>
   </div>
   <div class='ocr_carea' id='block_1_4' title="bbox 283 1822 1757 2062">
    <p class='ocr_par' dir='ltr' id='par_1_4' title="bbox 285 1822 1757 1962">
     <span class='ocr_line' id='line_1_29' title="bbox 456 1822 1757 1873; baseline 0.005 -15"><span class='ocrx_word' id='word_1_159' title='bbox 456 1822 787 1873; x_wconf 88' lang='lat' dir='ltr'><strong>philosophia</strong></span> <span class='ocrx_word' id='word_1_160' title='bbox 817 1823 1038 1861; x_wconf 83' lang='lat' dir='ltr'><strong>condere</strong></span> <span class='ocrx_word' id='word_1_161' title='bbox 1067 1824 1201 1862; x_wconf 82' lang='lat' dir='ltr'><strong>velle</strong></span> <span class='ocrx_word' id='word_1_162' title='bbox 1242 1851 1636 1864; x_wconf 84' lang='grc'><strong>.......</strong></span> <span class='ocrx_word' id='word_1_163' title='bbox 1685 1826 1757 1864; x_wconf 84' lang='grc'><strong>119</strong></span> 
     </span>
     <span class='ocr_line' id='line_1_30' title="bbox 286 1871 1756 1924; baseline 0.004 -16"><span class='ocrx_word' id='word_1_164' title='bbox 286 1871 670 1910; x_wconf 87' lang='lat' dir='ltr'><strong>Necessitatum</strong></span> <span class='ocrx_word' id='word_1_165' title='bbox 700 1880 1037 1923; x_wconf 84' lang='lat' dir='ltr'><strong>expugnator,</strong></span> <span class='ocrx_word' id='word_1_166' title='bbox 1064 1874 1146 1924; x_wconf 92' lang='lat' dir='ltr'><strong>quis</strong></span> <span class='ocrx_word' id='word_1_167' title='bbox 1173 1881 1229 1912; x_wconf 88' lang='lat' dir='ltr'><strong>est</strong></span> <span class='ocrx_word' id='word_1_168' title='bbox 1298 1901 1626 1914; x_wconf 86' lang='grc'><strong>......</strong></span> <span class='ocrx_word' id='word_1_169' title='bbox 1729 1878 1756 1914; x_wconf 87' lang='lat'><strong>7</strong></span> 
     </span>
     <span class='ocr_line' id='line_1_31' title="bbox 285 1921 1632 1962; baseline 0.002 -4"><span class='ocrx_word' id='word_1_170' title='bbox 285 1921 667 1959; x_wconf 85' lang='lat' dir='ltr'><strong>Necessitatem</strong></span> <span class='ocrx_word' id='word_1_171' title='bbox 713 1924 997 1960; x_wconf 86' lang='lat' dir='ltr'><strong>absolutam</strong></span> <span class='ocrx_word' id='word_1_172' title='bbox 1044 1925 1146 1961; x_wconf 87' lang='lat' dir='ltr'><strong>arti</strong></span> <span class='ocrx_word' id='word_1_173' title='bbox 1201 1924 1497 1962; x_wconf 89' lang='lat' dir='ltr'><strong>inveniendi</strong></span> <span class='ocrx_word' id='word_1_174' title='bbox 1549 1936 1632 1961; x_wconf 79' lang='lat' dir='ltr'><strong>no-</strong></span> 
     </span>
    </p>

    <p class='ocr_par' dir='ltr' id='par_1_5' title="bbox 283 1973 1757 2062">
     <span class='ocr_line' id='line_1_32' title="bbox 456 1973 1756 2013; baseline 0.002 -4"><span class='ocrx_word' id='word_1_175' title='bbox 456 1978 591 2009; x_wconf 89' lang='lat' dir='ltr'><strong>strae</strong></span> <span class='ocrx_word' id='word_1_176' title='bbox 619 1985 716 2010; x_wconf 90' lang='lat' dir='ltr'><strong>non</strong></span> <span class='ocrx_word' id='word_1_177' title='bbox 746 1973 1075 2011; x_wconf 88' lang='lat' dir='ltr'><strong>attribuimus</strong></span> <span class='ocrx_word' id='word_1_178' title='bbox 1111 2000 1630 2013; x_wconf 86' lang='lat'><strong>.........</strong></span> <span class='ocrx_word' id='word_1_179' title='bbox 1684 1976 1756 2012; x_wconf 83' lang='grc'><strong>136</strong></span> 
     </span>
     <span class='ocr_line' id='line_1_33' title="bbox 283 2020 1757 2062; baseline 0.003 -6"><span class='ocrx_word' id='word_1_180' title='bbox 283 2020 526 2058; x_wconf 88' lang='lat' dir='ltr'><strong>Nemeses</strong></span> <span class='ocrx_word' id='word_1_181' title='bbox 603 2048 1626 2062; x_wconf 86' lang='grc'><strong>.................</strong></span> <span class='ocrx_word' id='word_1_182' title='bbox 1707 2025 1757 2062; x_wconf 80' lang='grc'><strong>54</strong></span> 
     </span>
    </p>
   </div>
   <div class='ocr_carea' id='block_1_5' title="bbox 284 2069 1757 2171">
    <p class='ocr_par' dir='ltr' id='par_1_6' title="bbox 284 2069 1757 2171">
     <span class='ocr_line' id='line_1_34' title="bbox 284 2069 1757 2113; baseline 0.005 -8"><span class='ocrx_word' id='word_1_183' title='bbox 284 2069 364 2105; x_wconf 89' lang='lat' dir='ltr'><strong>Nil</strong></span> <span class='ocrx_word' id='word_1_184' title='bbox 391 2071 558 2107; x_wconf 89' lang='lat' dir='ltr'><strong>mirum</strong></span> <span class='ocrx_word' id='word_1_185' title='bbox 585 2071 623 2107; x_wconf 90' lang='lat' dir='ltr'><strong>si</strong></span> <span class='ocrx_word' id='word_1_186' title='bbox 651 2072 793 2108; x_wconf 90' lang='lat' dir='ltr'><strong>nobis</strong></span> <span class='ocrx_word' id='word_1_187' title='bbox 819 2085 919 2109; x_wconf 88' lang='lat' dir='ltr'><strong>cum</strong></span> <span class='ocrx_word' id='word_1_188' title='bbox 948 2073 1065 2109; x_wconf 89' lang='lat' dir='ltr'><strong>aliis</strong></span> <span class='ocrx_word' id='word_1_189' title='bbox 1102 2085 1194 2111; x_wconf 92' lang='lat' dir='ltr'><strong>non</strong></span> <span class='ocrx_word' id='word_1_190' title='bbox 1225 2074 1500 2111; x_wconf 80' lang='lat' dir='ltr'><strong>conveniat</strong></span> <span class='ocrx_word' id='word_1_191' title='bbox 1555 2099 1568 2110; x_wconf 89' lang='lat'><strong>.</strong></span> <span class='ocrx_word' id='word_1_192' title='bbox 1619 2100 1631 2110; x_wconf 86' lang='lat'>.</span> <span class='ocrx_word' id='word_1_193' title='bbox 1685 2077 1757 2113; x_wconf 87' lang='grc'><strong>128</strong></span> 
     </span>
     <span class='ocr_line' id='line_1_35' title="bbox 285 2119 1641 2171; baseline 0.002 -16"><span class='ocrx_word' id='word_1_194' title='bbox 285 2119 397 2155; x_wconf 86' lang='lat' dir='ltr'><strong>Nisi</strong></span> <span class='ocrx_word' id='word_1_195' title='bbox 436 2121 524 2157; x_wconf 90' lang='lat' dir='ltr'><strong>sub</strong></span> <span class='ocrx_word' id='word_1_196' title='bbox 571 2133 789 2170; x_wconf 87' lang='lat' dir='ltr'><strong>persona</strong></span> <span class='ocrx_word' id='word_1_197' title='bbox 832 2121 1051 2159; x_wconf 84' lang='lat' dir='ltr'><strong>infantis</strong></span> <span class='ocrx_word' id='word_1_198' title='bbox 1091 2123 1148 2159; x_wconf 87' lang='lat' dir='ltr'><strong>ad</strong></span> <span class='ocrx_word' id='word_1_199' title='bbox 1187 2135 1390 2171; x_wconf 86' lang='lat' dir='ltr'><strong>regnum</strong></span> <span class='ocrx_word' id='word_1_200' title='bbox 1441 2123 1641 2159; x_wconf 85' lang='lat' dir='ltr'><strong>intrare</strong></span> 
     </span>
    </p>
   </div>
   <div class='ocr_carea' id='block_1_6' title="bbox 286 2170 1762 2867">
    <p class='ocr_par' dir='ltr' id='par_1_7' title="bbox 286 2170 1759 2321">
     <span class='ocr_line' id='line_1_36' title="bbox 463 2170 1759 2210; baseline 0.003 -4"><span class='ocrx_word' id='word_1_201' title='bbox 463 2182 557 2206; x_wconf 91' lang='lat' dir='ltr'><strong>non</strong></span> <span class='ocrx_word' id='word_1_202' title='bbox 585 2170 734 2208; x_wconf 87' lang='lat' dir='ltr'><strong>datur</strong></span> <span class='ocrx_word' id='word_1_203' title='bbox 797 2198 1631 2210; x_wconf 89' lang='grc'><strong>..............</strong></span> <span class='ocrx_word' id='word_1_204' title='bbox 1708 2176 1759 2210; x_wconf 86' lang='grc'><strong>72</strong></span> 
     </span>
     <span class='ocr_line' id='line_1_37' title="bbox 288 2217 1758 2260; baseline 0.005 -7"><span class='ocrx_word' id='word_1_205' title='bbox 288 2217 564 2256; x_wconf 92' lang='lat' dir='ltr'><strong>Nobilisin</strong></span> <span class='ocrx_word' id='word_1_206' title='bbox 591 2221 1076 2258; x_wconf 88' lang='lat' dir='ltr'><strong>villulalucubrans</strong></span> <span class='ocrx_word' id='word_1_207' title='bbox 1112 2247 1634 2260; x_wconf 87' lang='grc'><strong>.........</strong></span> <span class='ocrx_word' id='word_1_208' title='bbox 1708 2224 1758 2260; x_wconf 83' lang='lat'><strong>85</strong></span> 
     </span>
     <span class='ocr_line' id='line_1_38' title="bbox 286 2267 1631 2321; baseline 0.003 -18"><span class='ocrx_word' id='word_1_209' title='bbox 286 2267 473 2306; x_wconf 88' lang='lat' dir='ltr'><strong>Nomen</strong></span> <span class='ocrx_word' id='word_1_210' title='bbox 518 2270 885 2319; x_wconf 83' lang='lat' dir='ltr'><strong>sophistarum,</strong></span> <span class='ocrx_word' id='word_1_211' title='bbox 930 2271 1104 2308; x_wconf 81' lang='lat' dir='ltr'><strong>universo</strong></span> <span class='ocrx_word' id='word_1_212' title='bbox 1152 2272 1281 2321; x_wconf 86' lang='lat' dir='ltr'><strong>generi</strong></span> <span class='ocrx_word' id='word_1_213' title='bbox 1318 2271 1631 2321; x_wconf 86' lang='lat' dir='ltr'><strong>philosophorum</strong></span> 
     </span>
    </p>

    <p class='ocr_par' dir='ltr' id='par_1_8' title="bbox 286 2319 1760 2519">
     <span class='ocr_line' id='line_1_39' title="bbox 460 2319 1731 2370; baseline 0.003 -15"><span class='ocrx_word' id='word_1_214' title='bbox 460 2319 696 2356; x_wconf 89' lang='lat' dir='ltr'><strong>Graecorum</strong></span> <span class='ocrx_word' id='word_1_215' title='bbox 725 2321 905 2370; x_wconf 86' lang='lat' dir='ltr'><strong>competit</strong></span> <span class='ocrx_word' id='word_1_216' title='bbox 985 2346 1629 2360; x_wconf 85' lang='grc'><strong>...........</strong></span> <span class='ocrx_word' id='word_1_217' title='bbox 1706 2324 1731 2359; x_wconf 84' lang='lat'><strong>7</strong></span> 
     </span>
     <span class='ocr_line' id='line_1_40' title="bbox 286 2366 1759 2419; baseline 0.003 -16"><span class='ocrx_word' id='word_1_218' title='bbox 286 2366 393 2404; x_wconf 88' lang='lat' dir='ltr'><strong>Non</strong></span> <span class='ocrx_word' id='word_1_219' title='bbox 421 2374 495 2405; x_wconf 90' lang='lat' dir='ltr'><strong>est</strong></span> <span class='ocrx_word' id='word_1_220' title='bbox 518 2382 632 2418; x_wconf 86' lang='lat' dir='ltr'><strong>spes</strong></span> <span class='ocrx_word' id='word_1_221' title='bbox 668 2371 765 2407; x_wconf 91' lang='lat' dir='ltr'><strong>nisi</strong></span> <span class='ocrx_word' id='word_1_222' title='bbox 791 2371 836 2407; x_wconf 89' lang='lat' dir='ltr'><strong>in</strong></span> <span class='ocrx_word' id='word_1_223' title='bbox 863 2371 1258 2419; x_wconf 85' lang='lat' dir='ltr'><strong>regeneratione</strong></span> <span class='ocrx_word' id='word_1_224' title='bbox 1297 2370 1634 2408; x_wconf 88' lang='lat' dir='ltr'><strong>scientiarum</strong></span> <span class='ocrx_word' id='word_1_225' title='bbox 1687 2374 1759 2408; x_wconf 88' lang='lat'><strong>106</strong></span> 
     </span>
     <span class='ocr_line' id='line_1_41' title="bbox 288 2417 1760 2470; baseline 0.004 -18"><span class='ocrx_word' id='word_1_226' title='bbox 288 2417 394 2453; x_wconf 90' lang='lat' dir='ltr'><strong>Non</strong></span> <span class='ocrx_word' id='word_1_227' title='bbox 421 2418 689 2468; x_wconf 86' lang='lat' dir='ltr'><strong>disputare</strong></span> <span class='ocrx_word' id='word_1_228' title='bbox 716 2420 802 2457; x_wconf 84' lang='lat' dir='ltr'><strong>sed</strong></span> <span class='ocrx_word' id='word_1_229' title='bbox 832 2420 1064 2470; x_wconf 82' lang='lat' dir='ltr'><strong>experiri</strong></span> <span class='ocrx_word' id='word_1_230' title='bbox 1122 2446 1634 2458; x_wconf 81' lang='grc'><strong>.........</strong></span> <span class='ocrx_word' id='word_1_231' title='bbox 1712 2424 1760 2458; x_wconf 90' lang='grc'><strong>12</strong></span> 
     </span>
     <span class='ocr_line' id='line_1_42' title="bbox 288 2466 1633 2519; baseline 0.002 -17"><span class='ocrx_word' id='word_1_232' title='bbox 288 2466 395 2502; x_wconf 87' lang='lat' dir='ltr'><strong>Non</strong></span> <span class='ocrx_word' id='word_1_233' title='bbox 429 2469 784 2516; x_wconf 88' lang='lat' dir='ltr'><strong>postulandum</strong></span> <span class='ocrx_word' id='word_1_234' title='bbox 815 2477 889 2506; x_wconf 89' lang='lat' dir='ltr'><strong>est</strong></span> <span class='ocrx_word' id='word_1_235' title='bbox 918 2476 966 2506; x_wconf 89' lang='lat' dir='ltr'><strong>ut</strong></span> <span class='ocrx_word' id='word_1_236' title='bbox 992 2470 1103 2519; x_wconf 82' lang='lat' dir='ltr'><strong>ejus</strong></span> <span class='ocrx_word' id='word_1_237' title='bbox 1140 2471 1212 2507; x_wconf 88' lang='lat' dir='ltr'><strong>rei</strong></span> <span class='ocrx_word' id='word_1_238' title='bbox 1234 2470 1430 2519; x_wconf 89' lang='lat' dir='ltr'><strong>judicio</strong></span> <span class='ocrx_word' id='word_1_239' title='bbox 1457 2475 1633 2518; x_wconf 83' lang='lat' dir='ltr'><strong>stetur,</strong></span> 
     </span>
    </p>

    <p class='ocr_par' dir='ltr' id='par_1_9' title="bbox 288 2519 1760 2713">
     <span class='ocr_line' id='line_1_43' title="bbox 461 2519 1757 2568; baseline 0.002 -13"><span class='ocrx_word' id='word_1_240' title='bbox 461 2519 726 2568; x_wconf 85' lang='lat' dir='ltr'><strong>quaeipsa</strong></span> <span class='ocrx_word' id='word_1_241' title='bbox 755 2519 1071 2568; x_wconf 89' lang='lat' dir='ltr'><strong>injudicium</strong></span> <span class='ocrx_word' id='word_1_242' title='bbox 1099 2527 1310 2556; x_wconf 84' lang='lat' dir='ltr'><strong>vocatur</strong></span> <span class='ocrx_word' id='word_1_243' title='bbox 1361 2545 1631 2558; x_wconf 88' lang='grc'><strong>.....</strong></span> <span class='ocrx_word' id='word_1_244' title='bbox 1709 2523 1757 2558; x_wconf 91' lang='grc'><strong>50</strong></span> 
     </span>
     <span class='ocr_line' id='line_1_44' title="bbox 288 2565 1758 2618; baseline 0.003 -17"><span class='ocrx_word' id='word_1_245' title='bbox 288 2565 396 2601; x_wconf 90' lang='lat' dir='ltr'><strong>Non</strong></span> <span class='ocrx_word' id='word_1_246' title='bbox 423 2579 540 2615; x_wconf 90' lang='lat' dir='ltr'><strong>spes</strong></span> <span class='ocrx_word' id='word_1_247' title='bbox 564 2575 707 2606; x_wconf 90' lang='lat' dir='ltr'><strong>tantu</strong></span> <span class='ocrx_word' id='word_1_248' title='bbox 723 2583 773 2614; x_wconf 89' lang='lat' dir='ltr'><strong>m,</strong></span> <span class='ocrx_word' id='word_1_249' title='bbox 794 2581 853 2606; x_wconf 85' lang='lat' dir='ltr'><strong>res</strong></span> <span class='ocrx_word' id='word_1_250' title='bbox 874 2569 1014 2618; x_wconf 35' lang='lat' dir='ltr'><strong>ipsa-in</strong></span> <span class='ocrx_word' id='word_1_251' title='bbox 1038 2570 1172 2606; x_wconf 88' lang='lat' dir='ltr'><strong>tabulis</strong></span> <span class='ocrx_word' id='word_1_252' title='bbox 1195 2570 1329 2606; x_wconf 91' lang='lat' dir='ltr'><strong>nostris</strong></span> <span class='ocrx_word' id='word_1_253' title='bbox 1352 2569 1424 2606; x_wconf 88' lang='lat' dir='ltr'><strong>inv.</strong></span> <span class='ocrx_word' id='word_1_254' title='bbox 1446 2569 1635 2618; x_wconf 86' lang='lat' dir='ltr'><strong>reperitur</strong></span> <span class='ocrx_word' id='word_1_255' title='bbox 1687 2572 1758 2606; x_wconf 90' lang='lat'><strong>102</strong></span> 
     </span>
     <span class='ocr_line' id='line_1_45' title="bbox 291 2614 1760 2669; baseline 0.003 -19"><span class='ocrx_word' id='word_1_256' title='bbox 291 2614 390 2651; x_wconf 87' lang='lat' dir='ltr'><strong>Nos</strong></span> <span class='ocrx_word' id='word_1_257' title='bbox 419 2617 630 2654; x_wconf 82' lang='lat' dir='ltr'><strong>meliora</strong></span> <span class='ocrx_word' id='word_1_258' title='bbox 658 2619 856 2656; x_wconf 83' lang='lat' dir='ltr'><strong>afferre</strong></span> <span class='ocrx_word' id='word_1_259' title='bbox 884 2630 1022 2668; x_wconf 90' lang='lat' dir='ltr'><strong>quam</strong></span> <span class='ocrx_word' id='word_1_260' title='bbox 1051 2619 1248 2669; x_wconf 89' lang='lat' dir='ltr'><strong>antiqui</strong></span> <span class='ocrx_word' id='word_1_261' title='bbox 1305 2643 1638 2656; x_wconf 89' lang='grc'><strong>......</strong></span> <span class='ocrx_word' id='word_1_262' title='bbox 1712 2619 1760 2654; x_wconf 82' lang='grc'><strong>14</strong></span> 
     </span>
     <span class='ocr_line' id='line_1_46' title="bbox 291 2664 1633 2713; baseline 0.004 -13"><span class='ocrx_word' id='word_1_263' title='bbox 291 2664 389 2701; x_wconf 89' lang='lat' dir='ltr'><strong>Nos</strong></span> <span class='ocrx_word' id='word_1_264' title='bbox 424 2677 586 2703; x_wconf 90' lang='lat' dir='ltr'><strong>rerum</strong></span> <span class='ocrx_word' id='word_1_265' title='bbox 614 2668 873 2705; x_wconf 87' lang='lat' dir='ltr'><strong>evidentia</strong></span> <span class='ocrx_word' id='word_1_266' title='bbox 902 2668 1050 2713; x_wconf 84' lang='lat' dir='ltr'><strong>freti,</strong></span> <span class='ocrx_word' id='word_1_267' title='bbox 1098 2681 1249 2706; x_wconf 89' lang='lat' dir='ltr'><strong>omnem</strong></span> <span class='ocrx_word' id='word_1_268' title='bbox 1275 2668 1477 2706; x_wconf 89' lang='lat' dir='ltr'><strong>commenti</strong></span> <span class='ocrx_word' id='word_1_269' title='bbox 1501 2674 1540 2706; x_wconf 89' lang='lat' dir='ltr'><strong>et</strong></span> <span class='ocrx_word' id='word_1_270' title='bbox 1560 2668 1633 2705; x_wconf 91' lang='lat' dir='ltr'><strong>im-</strong></span> 
     </span>
    </p>

    <p class='ocr_par' dir='ltr' id='par_1_10' title="bbox 292 2717 1762 2867">
     <span class='ocr_line' id='line_1_47' title="bbox 462 2717 1759 2765; baseline 0.002 -14"><span class='ocrx_word' id='word_1_271' title='bbox 462 2723 641 2764; x_wconf 87' lang='lat' dir='ltr'><strong>posturae</strong></span> <span class='ocrx_word' id='word_1_272' title='bbox 670 2718 922 2755; x_wconf 89' lang='lat' dir='ltr'><strong>conditionem</strong></span> <span class='ocrx_word' id='word_1_273' title='bbox 945 2717 1131 2765; x_wconf 87' lang='lat' dir='ltr'><strong>rejicimus</strong></span> <span class='ocrx_word' id='word_1_274' title='bbox 1182 2742 1632 2756; x_wconf 86' lang='grc'><strong>........</strong></span> <span class='ocrx_word' id='word_1_275' title='bbox 1687 2719 1759 2754; x_wconf 88' lang='grc'><strong>126</strong></span> 
     </span>
     <span class='ocr_line' id='line_1_48' title="bbox 292 2762 1760 2815; baseline 0.003 -16"><span class='ocrx_word' id='word_1_276' title='bbox 292 2762 482 2801; x_wconf 86' lang='lat' dir='ltr'><strong>Nostra</strong></span> <span class='ocrx_word' id='word_1_277' title='bbox 506 2765 671 2814; x_wconf 85' lang='lat' dir='ltr'><strong>logica</strong></span> <span class='ocrx_word' id='word_1_278' title='bbox 696 2780 717 2804; x_wconf 90' lang='lat' dir='ltr'><strong>a</strong></span> <span class='ocrx_word' id='word_1_279' title='bbox 747 2768 889 2815; x_wconf 83' lang='lat' dir='ltr'><strong>vulgari</strong></span> <span class='ocrx_word' id='word_1_280' title='bbox 920 2766 1046 2803; x_wconf 79' lang='lat' dir='ltr'><strong>differt</strong></span> <span class='ocrx_word' id='word_1_281' title='bbox 1113 2792 1632 2806; x_wconf 89' lang='grc'><strong>.........</strong></span> <span class='ocrx_word' id='word_1_282' title='bbox 1711 2769 1760 2804; x_wconf 86' lang='grc'><strong>18</strong></span> 
     </span>
     <span class='ocr_line' id='line_1_49' title="bbox 293 2814 1762 2867; baseline 0.003 -19"><span class='ocrx_word' id='word_1_283' title='bbox 293 2814 482 2850; x_wconf 88' lang='lat' dir='ltr'><strong>Nostra</strong></span> <span class='ocrx_word' id='word_1_284' title='bbox 517 2815 853 2867; x_wconf 87' lang='lat' dir='ltr'><strong>philosophia</strong></span> <span class='ocrx_word' id='word_1_285' title='bbox 879 2817 949 2853; x_wconf 89' lang='lat' dir='ltr'><strong>nisi</strong></span> <span class='ocrx_word' id='word_1_286' title='bbox 975 2829 1044 2867; x_wconf 87' lang='lat' dir='ltr'><strong>per</strong></span> <span class='ocrx_word' id='word_1_287' title='bbox 1071 2818 1266 2856; x_wconf 84' lang='lat' dir='ltr'><strong>utilitatem</strong></span> <span class='ocrx_word' id='word_1_288' title='bbox 1294 2824 1332 2855; x_wconf 89' lang='lat' dir='ltr'><strong>et</strong></span> <span class='ocrx_word' id='word_1_289' title='bbox 1355 2815 1491 2854; x_wconf 84' lang='lat' dir='ltr'><strong>effecta</strong></span> <span class='ocrx_word' id='word_1_290' title='bbox 1562 2842 1572 2852; x_wconf 91' lang='lat'><strong>.</strong></span> <span class='ocrx_word' id='word_1_291' title='bbox 1600 2817 1660 2853; x_wconf 86' lang='lat'><strong>15.</strong></span> <span class='ocrx_word' id='word_1_292' title='bbox 1688 2818 1762 2853; x_wconf 88' lang='grc'><strong>132</strong></span> 
     </span>
    </p>
   </div>
   <div class='ocr_carea' id='block_1_7' title="bbox 296 2863 1763 2955">
    <p class='ocr_par' dir='ltr' id='par_1_11' title="bbox 296 2863 1763 2955">
     <span class='ocr_line' id='line_1_50' title="bbox 296 2863 1763 2916; baseline 0.003 -18"><span class='ocrx_word' id='word_1_293' title='bbox 296 2863 488 2901; x_wconf 87' lang='lat' dir='ltr'><strong>Nostra</strong></span> <span class='ocrx_word' id='word_1_294' title='bbox 514 2865 674 2914; x_wconf 79' lang='lat' dir='ltr'><strong>ratio,</strong></span> <span class='ocrx_word' id='word_1_295' title='bbox 705 2879 802 2916; x_wconf 88' lang='lat' dir='ltr'><strong>quae</strong></span> <span class='ocrx_word' id='word_1_296' title='bbox 825 2867 871 2903; x_wconf 89' lang='lat' dir='ltr'><strong>sit</strong></span> <span class='ocrx_word' id='word_1_297' title='bbox 925 2891 1575 2906; x_wconf 87' lang='grc'><strong>...........</strong></span> <span class='ocrx_word' id='word_1_298' title='bbox 1629 2868 1687 2902; x_wconf 89' lang='lat'><strong>12.</strong></span> <span class='ocrx_word' id='word_1_299' title='bbox 1713 2868 1763 2902; x_wconf 82' lang='lat'><strong>50</strong></span> 
     </span>
     <span class='ocr_line' id='line_1_51' title="bbox 296 2912 1761 2955; baseline 0.003 -7"><span class='ocrx_word' id='word_1_300' title='bbox 296 2912 542 2952; x_wconf 86' lang='lat' dir='ltr'><strong>Notiones</strong></span> <span class='ocrx_word' id='word_1_301' title='bbox 566 2917 750 2955; x_wconf 83' lang='lat' dir='ltr'><strong>confusae</strong></span> <span class='ocrx_word' id='word_1_302' title='bbox 777 2924 813 2954; x_wconf 89' lang='lat' dir='ltr'><strong>et</strong></span> <span class='ocrx_word' id='word_1_303' title='bbox 840 2915 958 2955; x_wconf 86' lang='lat' dir='ltr'><strong>salsae</strong></span> <span class='ocrx_word' id='word_1_304' title='bbox 997 2941 1578 2955; x_wconf 90' lang='grc'><strong>..........</strong></span> <span class='ocrx_word' id='word_1_305' title='bbox 1623 2916 1687 2953; x_wconf 83' lang='grc'><strong>45.</strong></span> <span class='ocrx_word' id='word_1_306' title='bbox 1715 2917 1761 2952; x_wconf 87' lang='grc'><strong>51</strong></span> 
     </span>
    </p>
   </div>
  </div>
 </body>
</html>
