2064 3490
588 313 845 360 NOVUM
890 312 1266 360 ORGANUM.
1610 314 1667 361 51

801 433 1070 482 XXXVII.

297 525 436 574 Ratio
485 542 635 574 eorum
649 560 664 586 ,
718 525 792 589 qui
834 526 1154 590 acatalepsiam
1186 530 1451 587 tenuerunt,
1509 533 1554 575 et
1603 530 1671 576 via

192 610 364 666 nostra,
385 605 526 652 initiis
548 605 642 652 suis
662 605 984 669 quodammodo
1005 605 1307 667 consentiunt,
1333 607 1459 654 exitu
1480 606 1672 655 immen-

193 702 290 732 sum
307 685 624 750 disjunguntur
646 690 690 732 et
709 691 1008 749 opponuntur.
1055 685 1135 733 Illi
1161 686 1278 733 enim
1316 686 1482 735 m’ln'l
1506 689 1678 737 sciri

185 780 382 829 posse
440 765 708 829 simpliciter
765 771 998 826 asserunt3
1053 783 1163 827 nos,
1218 783 1340 814 non
1396 768 1671 816 multum

192 845 368 893 sciri
396 862 598 910 posse
643 845 708 892 in
742 853 1018 906 natura,
1066 865 1162 906 ea,
1211 863 1372 911 quae
1403 864 1568 895 nunc
1602 849 1669 896 in

191 940 308 972 usu
346 932 444 973 est
478 925 615 982 eda,-
665 940 811 969 verum
847 926 955 972 illi
993 926 1155 972 exinde
1184 926 1469 972 autoritatem
1511 943 1668 973 sensus

191 1009 237 1050 et
270 1004 528 1050 intellectus
555 1002 808 1065 destruunt,
845 1020 946 1051 nos
984 1005 1156 1051 auxilia
1180 1004 1339 1051 iisdem
1359 1007 1669 1069 excogitamus

191 1087 237 1130 et
269 1082 672 1132 subministramus.

784 1197 1075 1247 XXXVIII.

292 1287 457 1336 Idola
493 1295 538 1337 et
573 1290 780 1336 notiones
803 1290 964 1349 falsae,
1000 1306 1112 1353 quae
1133 1289 1410 1336 intellectum
1432 1289 1672 1337 humanum

185 1368 278 1432 jam
308 1374 585 1434 occuparunt
608 1374 740 1433 atque
760 1370 808 1415 in
830 1386 883 1416 eo
911 1370 1002 1417 alte
1024 1369 1229 1429 haerent,
1259 1385 1350 1415 non
1379 1369 1525 1416 solum
1544 1387 1673 1417 men-

191 1455 259 1496 tes
290 1449 516 1496 hominum
549 1449 614 1495 ita
645 1448 878 1510 obsident,
923 1454 973 1496 ut
1003 1448 1180 1496 veritati
1202 1448 1349 1495 aditus
1372 1447 1571 1496 difficilis
1594 1465 1673 1513 pa-

189 1533 310 1589 teat,
342 1528 419 1576 sed
441 1528 575 1576 etiam
597 1527 700 1574 dato
722 1533 766 1575 et
786 1544 1001 1575 concesso
1023 1528 1172 1588 aditu,
1211 1528 1294 1574 illa
1316 1544 1471 1574 rursus
1508 1528 1554 1575 in
1575 1528 1676 1591 ipsa

189 1608 516 1655 instauratione
567 1608 856 1654 scientiarum
907 1613 1148 1654 occurrent
1203 1612 1248 1655 et
1293 1607 1484 1654 molesta
1525 1614 1674 1667 erunt,

187 1688 277 1735 nisi
312 1688 514 1736 homines
545 1687 833 1751 praemoniti,
868 1686 1081 1734 adversus
1118 1703 1199 1749 ea,
1236 1703 1305 1749 se,
1343 1692 1555 1751 quantum
1575 1686 1675 1734 fieri

188 1774 362 1833 potest,
398 1767 617 1816 muniant.

789 1879 1039 1928 XXXIX.

286 1972 549 2034 Quatuor
582 1977 686 2019 sunt
711 1969 1033 2019 GENERA
1068 1969 1524 2031 IDOLORUM,
1562 1986 1675 2034 quae

190 2059 359 2101 mentes
391 2053 608 2099 humanas
642 2051 863 2101 obsident.
936 2051 1029 2112 Iis,
1061 2050 1252 2098 docendi
1290 2050 1463 2114 gratia,
1495 2050 1676 2109 nomina

188 2133 507 2198 imposuimus,
543 2137 593 2179 ut
628 2132 819 2196 priinum
846 2148 1005 2195 genus,
1051 2128 1309 2178 IDOLA
1354 2128 1674 2188 TRIBUS;

188 2213 458 2274 secundum,
493 2210 749 2259 IDOLA
793 2209 1117 2269 SPECUS;
1174 2209 1374 2269 tertium,
1425 2207 1677 2256 IDOLA

187 2290 403 2352 FORI3
449 2297 683 2356 quartum,
729 2289 982 2338 IDOLA
1011 2288 1403 2350 THEATRI,
1446 2294 1676 2336 vocentur.

877 2413 993 2461 XL.

291 2502 527 2553 Excitatio
565 2506 797 2554 notionum
832 2511 877 2554 et
923 2506 1197 2553 axiomatum
1245 2520 1327 2567 per
1369 2502 1675 2551 inductionem

188 2599 336 2631 veram
349 2618 365 2644 ,
402 2590 470 2632 est
505 2590 628 2633 certe
663 2586 897 2650 proprium
934 2602 957 2632 r
970 2601 1081 2633 eme
1094 2583 1241 2630 dium
1279 2598 1304 2628 a
1317 2581 1344 2628 d
1390 2582 1446 2628 id
1460 2583 1554 2629 ola
1591 2599 1616 2629 a
1629 2600 1677 2629 1·-

189 2679 214 2711 c
230 2680 293 2711 en
312 2663 338 2710 d
355 2680 381 2710 a
418 2670 472 2712 et
501 2681 666 2712 summ
682 2664 857 2713 ovend
873 2681 916 2726 a,
952 2665 1029 2713 sed
1054 2670 1204 2712 tamen
1229 2662 1485 2710 indicati
1501 2679 1525 2710 o
1556 2662 1607 2708 id
1624 2680 1677 2707 o-

188 2742 377 2790 lorum
412 2746 563 2808 magni
597 2751 666 2792 est
701 2762 824 2792 usus.
893 2743 1146 2792 Doctrin
1163 2759 1188 2789 a
1239 2743 1358 2790 enim
1403 2742 1458 2789 de
1491 2741 1677 2787 idolis

189 2822 398 2870 similiter
435 2824 649 2872 sehabet
682 2824 745 2870 ad
788 2824 1358 2888 interpretationem
1408 2826 1675 2879 naturae,

196 2901 314 2950 sicut
360 2902 568 2951 doctrina
628 2904 682 2951 de
729 2903 989 2969 sophisticis
1039 2903 1240 2952 elenchis
1296 2901 1351 2947 ad
1394 2899 1675 2947 dialecticam

190 2979 440 3043 vulgarem.

1399 3055 1426 3094 4
1442 3058 1458 3076 Ψ
