2064 3490
628 287 892 334 NOVUM
945 289 1326 335 ORGANUM.
1649 291 1717 338 99

230 413 276 456 et
296 413 536 473 propterea
566 409 621 455 ah
649 409 941 473 inquisitione
976 409 1179 457 veritatis
1210 410 1256 457 in
1291 413 1570 461 naturalibus
1590 417 1716 480 peri-

231 488 379 534 cnlum
409 489 501 535 illis
525 488 782 550 impendere
811 494 1077 535 metuerent.

330 567 396 614 At
430 584 532 614 vere
564 584 656 613 rem
692 568 945 630 reputanti,
985 567 1362 631 philosophia
1397 574 1711 635 naturalis,

225 644 437 694 POST
487 644 819 693 VERBUM
854 646 1007 707 DEI,
1041 647 1292 694 certissima
1327 652 1711 713 superstitio-

223 725 316 772 nis
372 725 663 774 medicina
709 732 803 788 est,
859 726 1101 791 eademque
1142 728 1509 791 probatissimum
1564 732 1708 782 fidei

222 804 581 854 alimentum.

325 884 484 950 Itaque
522 887 681 935 merito
733 886 1019 948 religioni
1065 885 1260 933 donatur
1283 892 1494 951 tanquam
1533 889 1706 939 fidis-

222 965 361 1012 sima
399 967 633 1028 ancilla,
670 983 769 1014 cum
796 966 940 1012 altera
985 966 1400 1015 Voluntatem
1436 968 1582 1029 Dei,
1634 972 1706 1018 al·-

219 1051 316 1093 tera
351 1046 775 1095 Potestatem
804 1045 1074 1093 manifestet.
1126 1045 1324 1110 Neque
1361 1047 1513 1094 enim
1550 1066 1702 1097 erra-

218 1125 303 1173 vit
348 1125 460 1174 ille
513 1126 609 1190 qui
659 1125 841 1173 dixit:
896 1123 1279 1185 ERRATIS,
1326 1124 1704 1177 NESCIEN-

219 1203 368 1253 TES
421 1203 933 1254 SCRIPTURAS
980 1203 1081 1251 ET
1131 1203 1703 1258 POTESTATEM

217 1282 381 1343 DEI3
436 1285 992 1349 informationem
1050 1285 1124 1332 de
1192 1283 1582 1348 Voluntate‚
1646 1296 1701 1337 et

216 1365 718 1413 meditationem
752 1366 822 1413 de
857 1365 1239 1424 Potestate,
1285 1382 1432 1413 nexu
1481 1367 1701 1415 indivi-

216 1443 320 1490 duo
359 1445 742 1492 commiscens
778 1450 831 1492 et
875 1445 1173 1508 copulans.

314 1523 559 1571 Interim
589 1525 771 1571 minus
806 1524 1005 1570 mirum
1039 1529 1142 1584 est,
1174 1523 1223 1570 si
1255 1526 1545 1573 naturalis
1580 1527 1700 1591 phi-

212 1604 521 1668 losophiae
568 1605 931 1651 incrementa
980 1603 1244 1650 cohibita
1281 1603 1418 1663 sint,
1455 1621 1575 1653 cum
1612 1624 1698 1655 re-

211 1682 382 1746 ligio,
418 1699 531 1747 quae
557 1683 795 1747 plurimum
822 1682 938 1747 apud
962 1683 1135 1730 animos
1159 1683 1385 1730 hominum
1409 1686 1567 1748 pollet,
1594 1703 1698 1750 per

214 1762 568 1825 quorundam
614 1763 969 1826 imperitiam
1022 1769 1078 1810 et
1137 1763 1323 1810 zelum
1382 1764 1695 1827 incautum,

212 1841 266 1886 in
304 1846 529 1904 partem
579 1842 942 1890 contrarium
988 1843 1301 1890 transierit
1347 1849 1402 1889 et
1452 1844 1695 1908 abrepta

211 1918 413 1967 fuerit.

901 1986 1012 2036 XC.

310 2078 489 2127 Rursus
518 2080 572 2126 in
609 2080 869 2128 moribus
903 2084 957 2128 et
989 2078 1295 2126 institutis
1333 2078 1693 2143 scholarum,

208 2158 658 2220 academiarum,
695 2159 1112 2223 collegiorum,
1155 2164 1208 2205 et
1243 2158 1521 2205 similium
1561 2177 1695 2208 con-

207 2255 306 2286 ven
321 2243 492 2299 tuum,
517 2255 630 2302 quae
648 2239 882 2287 doctorum
903 2240 1128 2286 hominum
1155 2237 1335 2286 sedibus
1362 2244 1405 2285 et
1427 2239 1694 2288 eruditionis

208 2317 412 2364 culturae
444 2317 666 2365 destinata
686 2323 819 2380 sunt,
866 2319 1054 2366 omnia
1100 2318 1443 2382 progressui
1497 2318 1693 2367 scien-

207 2397 420 2444 tiarum
457 2397 702 2445 adversa
737 2398 1042 2446 inveniuntur.

309 2474 557 2524 Lectiones
582 2478 699 2524 enim
725 2484 769 2526 et
791 2479 1010 2525 exercitia
1033 2478 1096 2524 ita
1112 2482 1215 2523 sunt
1240 2475 1475 2540 disposita,
1501 2482 1548 2523 ut
1569 2477 1691 2524 aliud

207 2571 232 2601 a
259 2556 486 2603 consuetis
508 2556 624 2604 haud
644 2558 779 2605 facile
804 2558 1010 2621 cuiquam
1032 2558 1077 2603 iu
1110 2563 1300 2602 mentem
1325 2556 1472 2603 veniat
1490 2557 1691 2619 cogitare

206 2640 283 2682 aut
307 2636 619 2700 contemplari.
690 2636 746 2685 Si
781 2654 884 2685 vero
922 2653 1036 2683 nnus
1067 2642 1144 2683 aut
1177 2637 1293 2683 alter
1315 2636 1506 2683 fortasse
1527 2636 1690 2699 Jutlicii

204 2713 414 2761 libertate
439 2716 503 2761 uti
528 2716 808 2776 sustinuerit‚
835 2717 875 2764 is
899 2717 986 2764 sibi
1007 2717 1093 2764 soli
1113 2716 1230 2763 hanc
1251 2732 1431 2779 operam
1459 2715 1690 2778 imponere

205 2794 371 2856 possit3
409 2795 463 2842 ab
498 2796 687 2842 aliorum
720 2803 866 2844 autem
889 2800 1117 2844 consortio
1145 2795 1259 2842 nihil
1282 2797 1431 2859 capiet
1463 2794 1690 2841 utilitatis.

206 2870 294 2919 Sin
320 2880 365 2921 et
390 2874 476 2922 hoc
498 2875 788 2938 toleraverit,
825 2884 974 2924 tamen
997 2877 1043 2923 in
1067 2875 1343 2938 capessenda
1371 2874 1577 2933 fortuna,
1615 2873 1691 2920 in-

207 2948 423 3000 dustriam
455 2955 572 3003 hanc
615 2962 660 3004 et
691 2957 1101 3021 magnanimitatem
1129 2953 1224 3000 sibi
1255 2969 1345 3000 non
1372 2952 1463 3000 levi
1497 2951 1692 3017 impedi-

1402 3029 1465 3069 ’7ὲὲ
