2064 3490
624 296 885 341 NOVUM
933 297 1312 345 ORGANUM.
1646 299 1710 347 85

222 435 302 466 nes
336 417 391 465 de
423 422 586 466 natura
630 418 895 482 viguerunt,
946 419 1377 469 centradictionibus
1415 425 1460 468 et
1494 439 1710 472 novorum

225 498 495 563 placitorum
517 498 779 558 ambitione,
816 504 1030 563 corrupta
1054 504 1123 547 est
1145 505 1189 548 et
1208 500 1383 548 inutilis
1406 500 1598 550 reddita.

330 587 569 652 Itaque,
616 586 972 652 quandoquidem
1005 607 1105 655 per
1151 594 1274 638 tres
1319 591 1470 639 istas
1518 594 1709 658 perio-

227 668 357 730 dos,
411 667 710 714 naturalis
767 668 1149 734 philosophia
1192 670 1407 734 majorem
1448 672 1495 719 in
1531 674 1708 722 modum

227 748 496 811 neglecta
552 752 650 794 aut
706 747 987 811 impedita
1029 749 1190 810 fuerit,
1249 751 1329 797 nil
1383 751 1607 814 mirum,
1657 755 1703 801 si

225 825 488 873 homines
537 843 729 891 parum
785 827 843 874 in
887 844 948 875 ea
1004 845 1060 876 re
1120 830 1523 894 prosecerint,
1586 849 1703 880 cum

227 906 450 953 omnino
489 905 650 952 aliud
689 906 940 969 egerint.

855 1040 1074 1090 LXXX.

325 1131 580 1180 Accedit
624 1137 680 1179 et
730 1131 903 1193 illud,
941 1133 1059 1197 quod
1106 1136 1393 1183 naturalis
1436 1136 1701 1200 philoso-

219 1212 358 1277 phia
391 1212 438 1258 in
459 1212 517 1258 iis
548 1211 660 1276 ipsis
694 1210 832 1272 viris,
880 1213 953 1276 qui
989 1213 1030 1260 ei
1063 1213 1368 1276 incubuerint,
1403 1224 1698 1265 vacantem

218 1297 274 1339 et
308 1293 599 1355 integrum
636 1290 941 1352 hominem,
971 1294 1236 1357 praesertim
1276 1294 1348 1342 his
1371 1296 1699 1344 recentioribus

216 1371 512 1436 temporibus,
550 1370 645 1417 vix
679 1375 854 1417 nacta
891 1371 987 1431 sit,
1024 1372 1111 1419 nisi
1146 1373 1263 1420 forte
1296 1374 1394 1438 quis
1431 1376 1699 1423 monaehi

216 1452 410 1516 alicujus
440 1451 487 1497 in
522 1450 715 1509 cellula,
757 1455 834 1497 aut
878 1451 1105 1499 nobilis
1142 1452 1187 1498 in
1223 1453 1377 1500 villula
1399 1455 1697 1516 lucubrantis,

215 1531 468 1595 exemplum
492 1529 749 1577 adduxerit.
821 1527 916 1577 Sed
942 1530 1063 1577 facta
1086 1538 1153 1579 est
1180 1533 1354 1581 demum
1398 1536 1697 1584 naturalis

213 1609 621 1676 philosophia,
658 1609 803 1656 instar
835 1610 1052 1658 transitus
1086 1612 1318 1675 cujusdam
1341 1619 1386 1661 et
1405 1615 1694 1678 pontisternii

211 1691 266 1739 ad
291 1690 399 1738 alia.
1282 1702 1286 1704 “

312 1770 465 1834 Atque
486 1784 649 1832 magna
670 1768 758 1815 ista
791 1769 1180 1817 scientiarum
1219 1775 1428 1832 mater,
1473 1772 1588 1819 mira
1619 1773 1694 1820 in-

211 1851 430 1915 dignitate
467 1848 522 1895 ad
551 1848 703 1895 officia
733 1851 927 1898 ancillae
961 1850 1142 1898 detrusa
1174 1855 1264 1908 est3
1303 1852 1415 1913 quae
1443 1852 1692 1900 medicinae

210 1936 287 1979 aut
321 1929 649 1977 mathematicis
674 1931 885 1994 operibus
909 1930 1148 1989 ministret,
1186 1934 1231 1975 et
1263 1946 1418 1976 rursus
1443 1948 1556 1994 quae
1580 1932 1692 1979 ado-

208 2010 474 2059 lescentium
496 2009 736 2056 immatura
758 2010 939 2074 ingenia
960 2011 1079 2056 lavet
1100 2014 1144 2055 et
1167 2008 1362 2069 imbuat,
1417 2012 1537 2058 velut
1570 2014 1692 2059 tinc-

207 2097 309 2139 tura
331 2090 518 2155 quadam
543 2089 706 2153 prima,
739 2095 790 2137 ut
810 2090 941 2136 aliam
964 2094 1122 2154 postea
1142 2088 1320 2135 felicius
1343 2095 1387 2136 et
1413 2091 1689 2139 commodius

205 2171 455 2235 excipiant.
525 2168 714 2216 Interim
739 2186 869 2216 nemo
898 2173 1133 2233 exspectet
1164 2184 1370 2231 magnum
1401 2186 1686 2233 progressum

206 2251 252 2296 in
284 2248 514 2308 scientiis,
559 2249 825 2312 praesertim
857 2249 905 2295 in
936 2253 1066 2312 parte
1109 2264 1259 2294 earum
1295 2249 1553 2311 operativa,
1602 2251 1687 2297 nisi

207 2327 591 2392 philosophia
637 2327 937 2375 naturalis
983 2327 1049 2374 ad
1096 2326 1388 2374 scientias
1426 2329 1688 2392 particu-

204 2409 366 2455 lares
398 2406 685 2470 producta
707 2407 844 2454 fuerit
868 2411 913 2454 et
943 2406 1242 2454 scientiae
1277 2409 1688 2471 particulares

206 2503 361 2534 rursus
406 2485 470 2532 ad
518 2488 851 2535 naturalem
899 2485 1342 2551 philosophiam
1388 2487 1691 2536 reductae.

202 2567 325 2614 Hinc
347 2565 463 2613 enim
486 2565 554 2625 fit,
590 2571 640 2613 ut
678 2568 1021 2628 astronomia,
1060 2567 1254 2633 optica,
1291 2569 1505 2627 musica,
1539 2569 1687 2632 pluri-

201 2662 299 2694 mae
334 2653 482 2694 artes
509 2647 863 2708 mechanicae,
914 2654 1047 2711 atque
1081 2648 1183 2710 ipsa
1214 2649 1494 2708 medicina,
1536 2654 1686 2711 atque,

203 2725 318 2790 quod
341 2725 440 2789 quis
464 2726 606 2790 magis
627 2727 830 2788 miretur,
847 2727 1178 2794 philosophia
1200 2728 1415 2777 moralis
1439 2734 1484 2775 et
1509 2728 1685 2781 civilis,

203 2810 248 2852 et
275 2805 526 2855 scientiae
553 2807 769 2869 logicae,
806 2809 871 2855 nil
893 2809 989 2856 fere
1012 2808 1208 2855 habeant
1232 2808 1484 2855 altitudinis
1508 2809 1553 2852 in
1576 2823 1686 2869 pro-

202 2884 357 2946 fundo,
397 2885 475 2934 sed
509 2903 592 2951 per
629 2888 914 2953 superficiem
950 2893 996 2935 et
1032 2888 1294 2934 varietatem
1336 2903 1483 2934 rerum
1515 2891 1685 2932 tantum

202 2963 436 3011 labantur:
493 2968 584 3030 qui
601 2984 654 3029 a,
717 2973 951 3033 postquam
985 2966 1284 3031 particulares
1317 2966 1430 3012 istae
1470 2965 1686 3014 scientiae
