1947 3456
371 301 465 347 llll-
854 303 1275 348 VEM'LAMH

361 429 407 471 et
450 440 536 470 non
574 423 808 470 imitabilia
846 424 900 470 ab
945 424 1148 485 homine,
1188 424 1387 471 homines
1428 424 1576 472 statim
1615 427 1825 490 rejecturi

364 503 564 550 fuissent.

469 580 640 627 Eodem
662 578 809 640 modo,
845 580 893 626 si
922 587 1053 628 ante
1074 582 1206 645 fllt'
1234 583 1600 646 bombycini
1627 582 1826 629 inven-

366 662 606 719 tionem,
642 659 1289 723 quispiamhujusmodi
1331 678 1636 708 sermonem
1679 661 1827 724 inje-

364 740 573 796 cisset3
606 755 703 785 esse
724 737 940 801 quoddam
967 738 1030 784 fili
1061 756 1201 802 genus
1220 739 1459 800 inventum,
1497 739 1552 786 ad
1575 740 1759 787 vestium
1783 746 1827 786 et

366 817 660 882 supellectilis
685 833 825 876 usum,
849 816 962 880 quod
995 817 1115 863 filum
1134 818 1317 864 linteum
1344 823 1420 864 aut
1440 819 1642 879 laneum,
1677 818 1828 865 tenui-

367 904 458 944 tate
487 902 531 943 et
556 895 844 942 nihilominus
870 896 1126 956 tenacitate,
1162 912 1214 943 ae
1237 896 1368 942 etiam
1390 896 1626 960 splendore
1649 902 1693 943 et
1711 896 1828 942 mol-

365 976 480 1034 litie,
502 975 634 1037 longe
655 979 908 1037 superaret3
946 974 1144 1021 homines
1162 975 1308 1021 statim
1337 980 1412 1021 aut
1434 975 1487 1022 de
1507 974 1651 1022 serico
1678 973 1826 1037 aliquo

368 1054 623 1117 vegetabili,
647 1058 721 1098 aut
746 1051 799 1098 de
821 1053 1025 1098 animalis
1046 1054 1236 1116 alicujus
1255 1054 1359 1116 pilis
1380 1053 1731 1114 delicatioribus,
1751 1059 1828 1099 aut

366 1134 419 1180 ‹le
453 1133 594 1178 avium
625 1131 787 1194 plumis
819 1136 862 1176 et
895 1130 1124 1191 lanugine,
1161 1131 1586 1195 aliquid-opinaturi
1615 1131 1825 1188 fuissent3

367 1227 516 1258 verum
543 1209 598 1257 de
629 1209 791 1256 vermis
821 1208 975 1272 pusilli
1006 1215 1212 1269 textura,
1257 1226 1396 1273 eaque
1438 1214 1528 1256 tam
1566 1209 1750 1272 copiosa
1783 1215 1826 1256 et

366 1305 414 1336 se
442 1293 683 1336 renovante
711 1292 757 1334 et
778 1287 1105 1347 anniversaria,
1142 1289 1205 1334 nil
1228 1288 1417 1334 fuissent
1448 1293 1570 1335 certo
1599 1303 1827 1335 commen-

365 1367 472 1414 turi.
543 1366 673 1426 Quod
708 1366 746 1412 si
768 1365 866 1429 quis
894 1365 1026 1412 etiam
1049 1365 1102 1413 de
1132 1367 1268 1414 vermi
1301 1367 1476 1412 verbum
1505 1365 1683 1429 aliquod
1706 1365 1827 1428 inje-

364 1446 516 1506 cisset,
552 1444 746 1491 ludibrio
774 1450 894 1491 certe
933 1445 1107 1492 futurus
1137 1445 1320 1505 fuisset,
1365 1450 1414 1491 ut
1457 1445 1531 1508 qui
1561 1460 1698 1492 novas
1722 1460 1827 1491 ara-

360 1541 543 1572 nearum
569 1540 727 1587 operas
751 1524 1008 1571 somniaret.

462 1602 712 1662 Similiter,
755 1602 803 1648 si
854 1608 985 1649 ante
1029 1601 1430 1649 inventionem
1472 1619 1627 1651 acus
1674 1619 1825 1650 nau-

362 1683 552 1741 ticae,
576 1681 858 1745 quispiam
894 1679 1222 1744 hujusmodi
1252 1696 1558 1728 sermonem
1589 1681 1824 1728 intulis-

360 1768 470 1809 set:
517 1761 740 1807 inventum
774 1776 871 1806 esse
909 1759 1127 1823 quoddam
1169 1759 1534 1820 instrumentum,
1580 1776 1663 1823 per
1707 1758 1823 1823 quod

359 1839 563 1887 cardines
598 1844 642 1885 et
664 1843 827 1902 puncta
859 1838 975 1886 coeli
1005 1843 1163 1886 exacte
1195 1838 1296 1902 capi
1332 1843 1376 1886 et
1397 1837 1598 1901 dignosci
1627 1837 1822 1902 possint3

359 1918 558 1964 homines
591 1917 768 1978 statim,
817 1917 869 1965 de
906 1917 1046 1979 magis
1081 1917 1303 1980 exquisita
1340 1905 1634 1964 fabricatione
1651 1917 1824 1962 instru-

359 2002 607 2043 mentorum
638 1996 1062 2055 astronomicorum,
1100 1995 1153 2041 ad
1185 1996 1325 2042 multa
1351 2001 1396 2043 et
1423 1996 1570 2056 varia,
1607 2011 1687 2058 per
1721 1995 1823 2056 agi-

358 2074 570 2121 tationem
592 2074 881 2137 phantasiae,
922 2073 1112 2120 discursi
1145 2073 1356 2132 fuissent3
1391 2073 1505 2137 quod
1525 2089 1629 2120 vero
1654 2072 1822 2135 aliquid

355 2152 545 2199 inveniri
580 2153 746 2216 possit,
801 2153 929 2216 eujus
968 2157 1111 2199 motus
1147 2168 1247 2199 eum
1280 2152 1549 2199 coelestibus
1582 2157 1671 2198 tam
1708 2152 1820 2198 bene

356 2231 630 2291 conveniret,
667 2237 798 2295 atque
832 2232 977 2295 ipsum
1010 2237 1158 2278 tamen
1189 2246 1247 2277 ex
1278 2231 1547 2278 coelestibus
1566 2246 1656 2276 non
1684 2237 1820 2288 esset,

354 2309 432 2356 sed
452 2314 622 2356 tantum
644 2310 892 2357 substantia
910 2311 1088 2375 lapidea
1110 2316 1187 2358 aut
1208 2310 1449 2370 metallica,
1473 2309 1651 2356 omnino
1673 2309 1820 2356 incre-

355 2387 492 2435 dibile
514 2387 651 2434 visum
673 2388 847 2435 suisset.

452 2467 601 2530 Atque
635 2467 745 2513 haee
770 2473 917 2513 tamen
955 2473 999 2514 et
1027 2468 1216 2527 similia,
1260 2483 1340 2530 per
1370 2471 1436 2513 tot
1459 2466 1609 2512 mundi
1630 2471 1815 2525 aetate-⁶1,

356 2544 554 2592 homines
584 2546 828 2605 latuerunt,
863 2561 966 2592 nee
997 2562 1096 2609 per
1123 2543 1557 2609 philosophiam
1595 2551 1691 2592 aut
1729 2560 1813 2590 ar-

353 2630 438 2670 tes
474 2624 805 2671 rationales
840 2624 1079 2671 inventa
1113 2629 1262 2684 sunt,
1309 2622 1406 2669 sed
1453 2638 1586 2669 easu
1622 2629 1677 2670 et
1711 2638 1813 2685 per

353 2703 741 2762 oeeasionem,
789 2708 977 2765 suntque
1007 2703 1146 2763 illius,
1183 2710 1231 2750 ut
1268 2702 1490 2760 diximuS,
1524 2700 1727 2763 generis,
1765 2706 1813 2747 ut

351 2779 407 2826 ab
430 2780 503 2840 iis,
541 2796 652 2844 quae
678 2787 809 2827 antea
843 2781 1024 2844 cognita
1054 2781 1258 2841 suerunt,
1294 2782 1427 2844 plane
1452 2780 1748 2841 heterogenea
1768 2786 1813 2826 et

349 2859 646 2906 remotissima
683 2859 798 2919 sint,
846 2864 894 2905 ut
930 2861 1160 2922 praenotio
1193 2860 1344 2923 aliqua
1389 2857 1498 2904 nihil
1531 2873 1713 2921 prorsus
1757 2857 1813 2903 ad

346 2936 425 2982 illa
451 2937 699 2988 conducere
727 2938 959 3003 potuisset.
