2064 3490
573 299 831 345 NOVUM
887 301 1263 346 ORGANL'M.
1592 299 1649 345 91

179 438 304 481 esse3
341 425 577 469 caetera
613 421 678 468 ad
715 420 1061 485 patientiam
1098 420 1386 468 hominum
1423 428 1660 483 tantum,

181 506 238 550 et
273 500 545 549 subtilem
583 506 637 547 et
671 499 996 546 ordinatum
1033 518 1255 550 manus
1293 501 1382 548 vel
1417 501 1661 551 instru-

181 589 542 630 mentorum
569 586 822 638 motum,
857 578 1173 642 pertinere.
1231 580 1326 628 Res
1345 580 1480 641 enim,
1503 598 1661 628 exem-

181 661 250 726 pli
270 660 434 724 gratia,
459 658 639 705 subtilis
669 663 737 705 est
763 663 884 705 certe
906 663 950 704 et
970 665 1197 718 accurata,
1223 661 1485 724 confectio
1509 659 1661 709 horo-

182 739 454 802 logiorum,
476 738 580 785 talis
601 737 795 798 scilieet,
819 752 931 801 quae
953 737 1200 787 coelestia
1223 739 1267 785 in
1288 740 1400 786 rotis
1413 774 1426 799 ,
1451 739 1663 805 pulsum

183 819 484 869 animalium
519 818 564 863 in
589 824 708 864 motu
735 817 989 864 successivo
1012 823 1057 864 et
1084 817 1307 878 ordinato,
1331 819 1535 866 videatur
1557 820 1664 866 imi-

184 898 300 957 tari3
335 913 448 962 quae
468 904 614 945 tamen
636 913 725 958 res,
763 913 820 944 ex
842 912 930 943 uno
951 900 1028 944 aut
1048 897 1190 946 altero
1219 903 1405 946 naturae
1437 899 1664 947 axiomate

184 976 366 1042 pendet.

287 1053 419 1116 Quod
443 1055 482 1101 si
502 1054 600 1118 quis
630 1071 783 1102 rursus
806 1055 1098 1103 subtilitatem
1120 1056 1246 1103 illam
1269 1056 1514 1117 intueatur,
1551 1072 1664 1119 quae

187 1135 242 1182 ad
278 1139 439 1182 artes
469 1134 763 1182 liberales
800 1135 1012 1198 pertinet,
1049 1141 1125 1182 aut
1152 1136 1284 1184 etiarn
1310 1153 1425 1197 eam,
1464 1152 1576 1200 quae
1609 1135 1666 1182 ad

186 1231 425 1280 corporum
449 1214 720 1261 naturalium
761 1215 1148 1278 praeparationem
1170 1232 1253 1280 per
1284 1222 1403 1263 artes
1433 1214 1668 1263 mechani-

187 1311 266 1342 eas
288 1299 464 1358 spectat
489 1298 533 1340 et
555 1293 808 1357 hujusmodi
834 1310 906 1340 res
934 1294 1177 1358 suspiciat;
1202 1295 1336 1342 veluti
1373 1295 1426 1341 in
1444 1312 1465 1341 v
1481 1295 1668 1342 entio-

187 1390 311 1422 nem
349 1380 586 1422 motuum
605 1372 906 1421 coelestium
942 1373 997 1418 in
1035 1375 1416 1433 astronomia,
1454 1392 1667 1424 concen—

189 1461 341 1503 tuum
376 1453 434 1499 in
468 1452 715 1512 musica,
765 1451 1044 1501 literarum
1078 1452 1346 1518 alphabeti
1370 1455 1502 1516 [quae
1533 1454 1669 1501 etiam

189 1533 336 1580 adhue
359 1532 406 1579 in
437 1548 576 1594 regno
596 1529 810 1578 Sinarum
845 1531 891 1576 in
918 1548 997 1577 usu
1024 1548 1110 1577 non
1140 1533 1259 1593 sunt]
1296 1533 1350 1579 in
1395 1550 1494 1595 gra
1510 1550 1601 1579 mm
1617 1550 1670 1579 a-

189 1612 338 1670 tica3
371 1616 448 1657 aut
469 1626 624 1656 rursus
644 1610 691 1655 in
715 1609 1016 1669 mechanicis,
1053 1611 1270 1657 sactorum
1293 1611 1464 1658 Bacchi
1499 1619 1543 1659 et
1577 1613 1671 1659 Ce-

190 1692 325 1752 reris,
360 1691 449 1738 hoe
469 1694 565 1749 est,
597 1689 985 1752 praeparationem
1012 1691 1123 1738 vini
1148 1696 1192 1737 et
1223 1692 1485 1751 cert-isiae,
1513 1694 1670 1758 pam-'-

178 1772 447 1834 ficz'ornm»,
469 1773 545 1815 aut
570 1760 703 1815 etiam
729 1786 936 1818 mensae
960 1769 1279 1830 deliciarum,
1303 1778 1346 1818 et
1366 1772 1672 1824 de'stae'llatzb-

193 1868 332 1910 num,
357 1855 401 1897 et
426 1847 661 1906 similium3
686 1848 765 1894 ille
787 1864 977 1912 quoque,
1001 1848 1036 1894 si
1054 1866 1202 1896 secum
1222 1851 1390 1913 cogitet
1413 1858 1457 1898 et
1477 1854 1672 1902 animum

195 1930 429 1989 advertat,
477 1944 559 1991 per
601 1934 790 1991 quantos
831 1934 1079 1991 temporum
1131 1929 1346 1976 circuitus
1361 1965 1376 1990 ,
1416 1947 1514 1978 cum
1558 1933 1673 1983 haee

195 2009 373 2069 omnia,
421 2013 602 2071 praeter
632 2007 977 2066 distillationes,
1021 2007 1202 2070 antiqua
1235 2009 1428 2070 fuerint,
1474 2012 1585 2060 haee
1617 2014 1674 2061 ad

195 2106 310 2149 eam,
349 2103 478 2152 quam
505 2103 621 2133 nune
643 2086 856 2134 babemus
880 2087 1118 2147 culturam,
1158 2087 1374 2150 perducta
1397 2090 1503 2150 sint,
1537 2098 1580 2138 et
1608 2094 1675 2154 [ut

193 2171 286 2235 jam
316 2168 371 2215 de
397 2167 646 2230 horologiis
680 2166 845 2213 dictum
884 2166 969 2227 est]
1014 2181 1143 2229 quam
1184 2181 1339 2229 parum
1387 2168 1580 2217 habeant
1615 2188 1672 2219 ex

198 2246 585 2297 observationibus
606 2251 650 2292 et
674 2244 973 2292 axiomatibus
990 2250 1192 2305 naturae,
1218 2252 1350 2309 atque
1369 2264 1496 2311 quam
1521 2249 1674 2312 facile,

199 2334 244 2376 et
263 2333 472 2391 tanquam
489 2341 570 2389 per
590 2324 851 2372 occasiones
873 2323 1025 2370 obvias
1040 2330 1083 2370 et
1099 2326 1499 2389 contemplationes
1521 2328 1677 2377 ineur-

200 2411 369 2466 rentes,
405 2406 494 2451 ista
527 2403 716 2450 inveniri
749 2403 1002 2467 potuerint3
1053 2402 1159 2463 ille,
1205 2403 1415 2469 inquam,
1462 2409 1517 2455 ab
1556 2409 1678 2456 omni

202 2484 496 2534 admiratione
521 2500 568 2531 se
589 2483 723 2531 facile
747 2482 973 2542 liberabit,
1011 2488 1055 2529 et
1089 2482 1238 2546 potius
1272 2484 1488 2534 burnanae
1518 2488 1679 2535 condi-

202 2565 339 2613 tionis
361 2563 660 2623 miserebitur,
681 2561 799 2626 quod
818 2578 899 2626 per
921 2568 988 2608 tot
1009 2562 1207 2622 saecula,
1232 2568 1356 2612 tauta
1379 2566 1513 2614 fuerit
1531 2584 1678 2614 rerum

204 2649 250 2693 et
286 2643 566 2690 inventorum
613 2641 803 2706 penuria
846 2647 891 2688 et
932 2641 1165 2689 sterilitas.
1248 2645 1400 2709 Atque
1440 2646 1549 2694 haee
1581 2647 1680 2709 ipsa

205 2729 372 2783 tamen,
409 2738 593 2786 quorum
615 2737 734 2768 nune
756 2720 1022 2768 mentionem
1049 2720 1254 2784 fecimus,
1285 2724 1490 2785 inventa,
1527 2725 1680 2788 pbilo-

206 2802 366 2867 sophia
389 2807 434 2849 et
464 2800 635 2847 artibus
672 2800 929 2847 intellectus
962 2801 1217 2865 antiquiora
1246 2804 1442 2863 suerunt,
1480 2803 1591 2850 adeo
1614 2810 1679 2864 ut,

206 2881 246 2928 si
269 2897 419 2928 verum
445 2879 679 2927 dicendum
703 2879 779 2940 sit,
800 2895 899 2926 cum
919 2878 1171 2942 hujusmodi
1200 2882 1414 2929 scientiae
1437 2881 1681 2930 rationales

209 2964 254 3007 et
277 2958 556 3023 dogmaticae
576 2958 845 3024 inceperint,
868 2957 1063 3004 inventio
1088 2975 1269 3022 operum
1290 2960 1464 3007 utilium
1483 2959 1683 3010 desierit.
