1947 3456
314 287 379 334 98
864 286 1291 329 VERULAMH

309 407 618 471 sophorum
673 404 956 452 deducere
1002 412 1054 453 et
1099 405 1454 452 confirmare
1501 404 1644 451 haud
1691 420 1778 451 ve-

311 486 416 532 riti
454 502 474 531 s
491 501 555 530 un
571 491 610 540 t;
638 482 736 528 lidei
761 489 803 529 et
823 500 977 530 sensus
994 486 1266 548 conjugium,
1289 490 1495 546 tauquam
1515 482 1778 544 legitimum,

311 565 448 611 multa
480 576 641 625 pompa
673 566 717 606 et
753 563 1021 609 solennitate
1063 564 1338 610 celebrantes
1384 568 1427 608 et
1461 566 1589 623 grata
1632 575 1778 605 rerum

312 643 527 691 varietate
571 639 741 686 animos
801 641 1026 687 hominum
1076 642 1426 704 permulcentes,
1483 638 1561 685 sed
1601 637 1777 683 interim

314 720 506 767 divina
556 717 844 779 hnmanis,
900 719 1105 782 impari
1165 719 1497 765 conditione
1545 715 1779 780 permis-

311 803 523 847 centes.
578 797 642 843 At
663 797 708 843 iu
732 797 983 861 hujusmodi
1007 797 1205 844 misturis
1235 797 1488 857 theologiae
1510 812 1606 843 cum
1629 793 1779 857 philo-

312 877 487 941 sophia,
523 890 576 922 ea
599 881 786 935 tantum,
809 892 921 938 quae
947 893 1063 923 nunc
1084 877 1129 922 in
1152 874 1436 939 philosophia
1459 879 1640 936 recepta
1661 877 1779 930 sunt,

312 953 761 1019 comprehenduntur,
798 954 875 1001 sed
899 970 1028 1013 nova,
1064 955 1172 1001 licet
1201 955 1245 999 in
1273 954 1429 1000 melius
1457 959 1640 1011 mutata,
1676 956 1779 997 tan-

312 1043 405 1082 tum
428 1051 514 1080 non
538 1040 867 1079 summoventur
887 1039 930 1078 et
950 1033 1317 1079 exterminantur.

414 1122 673 1184 Denique
707 1121 998 1180 inveniaS,
1043 1137 1109 1168 ex
1158 1119 1508 1187 quor-undam
1551 1118 1778 1165 theolo-

311 1216 503 1264 gorum
539 1200 856 1263 imperitia,
887 1198 1101 1246 aditum
1128 1199 1313 1245 alicui
1344 1196 1777 1261 philosophiae,

311 1279 569 1342 quamvis
604 1278 970 1338 emendatae,
1008 1294 1188 1342 paene
1216 1277 1608 1324 interclusum
1638 1291 1778 1321 esse.

412 1368 508 1414 Alii
541 1368 754 1430 siquidem
788 1368 1034 1431 simplicius
1071 1368 1379 1425 subverentur,
1416 1382 1472 1412 ne
1507 1364 1622 1410 forte
1644 1364 1777 1410 altior

310 1448 356 1493 in
377 1453 578 1492 naturam
603 1447 851 1509 inquisitio,
888 1447 1006 1492 ultra
1041 1462 1296 1493 consessum
1337 1444 1591 1490 sobrietatis
1626 1443 1777 1490 termi-

309 1541 412 1572 num
432 1530 651 1588 penetret,
674 1524 956 1571 traducentes
979 1531 1022 1571 et
1044 1539 1276 1588 perperam
1296 1528 1553 1586 torquentes
1569 1537 1637 1581 ea,
1665 1537 1776 1584 quae

310 1603 364 1650 de
384 1602 545 1648 divinis
566 1603 809 1665 mysteriis,
843 1603 888 1648 in
914 1603 1147 1666 scripturis
1170 1601 1310 1648 sacris
1332 1601 1541 1647 adversus
1565 1600 1777 1645 rimantes

309 1686 482 1728 secreta
511 1680 661 1726 divina
693 1680 928 1740 dicuntur,
967 1681 1020 1727 ad
1054 1681 1231 1728 occulta
1265 1686 1474 1738 naturae,
1510 1694 1622 1741 qnae
1654 1679 1774 1723 nullo

307 1758 546 1806 interdicto
566 1758 874 1821 prohibentur.

343 1859 351 1866 ‘
403 1853 502 1899 AJii
534 1851 741 1899 callidius
782 1851 1028 1915 conjiciunt
1061 1857 1105 1898 et
1142 1852 1288 1900 animo
1318 1856 1520 1910 versant,
1565 1850 1602 1896 si
1632 1849 1776 1896 media

308 1932 586 1995 ignorentur,
624 1930 799 1992 singula
820 1930 874 1976 ad
897 1946 1070 1976 manum
1093 1937 1137 1977 et
1158 1933 1374 1995 virgulam
1403 1930 1622 1988 divinam,
1659 1928 1774 1992 quod

308 2009 560 2072 religionis,
596 2013 645 2053 ut
678 2014 852 2070 putant,
890 2009 1080 2055 maxime
1105 2009 1298 2070 intersit,
1334 2009 1513 2056 facilins
1537 2023 1669 2071 posse
1697 2023 1775 2053 re-

307 2088 433 2147 ferri,
468 2085 581 2150 quod
605 2085 718 2131 nihil
742 2086 861 2132 aliud
890 2092 980 2145 est,
1023 2104 1153 2150 quam
1187 2089 1319 2136 Deo
1356 2104 1482 2153 per
1524 2085 1774 2135 menda-

309 2167 471 2214 cium
501 2164 921 2228 gratificari
948 2165 1123 2214 velle.

409 2260 506 2307 Alii
530 2259 584 2305 ab
601 2259 806 2322 exemplo
828 2265 1042 2320 metuunt,
1064 2277 1118 2306 ne
1138 2265 1282 2308 motus
1304 2266 1348 2309 et
1363 2258 1629 2306 mutationes
1652 2257 1774 2305 circa

308 2338 635 2402 philosophiam
655 2337 702 2383 in
729 2338 990 2400 religionem
1013 2340 1262 2400 incurrant,
1299 2356 1352 2387 ac
1376 2338 1596 2385 desinant.

407 2427 505 2474 Alii
541 2427 729 2490 deniqne
763 2428 949 2474 solliciti
985 2428 1210 2489 videntur,
1242 2446 1298 2476 ne
1326 2429 1373 2475 in
1402 2434 1587 2475 naturae
1621 2423 1773 2488 inqui-

308 2505 468 2552 sitione
491 2504 659 2568 aliquid
681 2505 869 2552 inveniri
891 2506 1048 2569 possit,
1072 2507 1186 2569 quod
1209 2507 1487 2570 religionem,
1512 2503 1773 2569 praesertim

306 2582 422 2648 apud
448 2583 669 2643 indoctos,
707 2584 961 2644 subvertat,
983 2591 1057 2630 aut
1075 2585 1232 2631 saltam
1255 2586 1513 2633 labefactat.
1568 2576 1572 2578 ’

407 2672 471 2719 At
492 2672 568 2718 isti
602 2671 688 2718 duo
712 2673 982 2734 posteriores
1003 2680 1161 2734 metus,
1198 2675 1326 2721 nobis
1358 2675 1560 2723 videntur
1592 2670 1769 2718 omnino

304 2750 567 2814 sapientiam
588 2750 823 2797 animalem
854 2767 1027 2815 sapere,
1051 2768 1103 2799 ac
1125 2753 1164 2799 si
1184 2754 1384 2800 homines
1413 2753 1458 2798 in
1480 2750 1640 2798 mentis
1663 2764 1769 2795 suae

303 2829 553 2876 recessibus
584 2835 628 2876 et
652 2829 838 2876 secretis
861 2830 1224 2892 cogitationibus,
1262 2832 1315 2878 de
1349 2828 1617 2890 firmitudine
1655 2828 1771 2874 reli-

302 2907 446 2969 gionis
469 2914 513 2956 et
539 2907 642 2957 fidei
666 2909 711 2955 in
732 2924 908 2956 sensum
928 2908 1115 2972 imperio
1148 2908 1399 2956 diffiderent
1431 2923 1485 2955 ae
1500 2907 1766 2966 „dubitarent
