2064 3490
607 296 862 343 NOVUM
916 295 1294 341 ORGANUM.
1634 293 1698 343 45

926 417 993 464 Χ.

318 511 355 561 S
371 513 651 560 nbtilitas
681 529 708 558 n
724 516 818 558 atu
829 525 927 557 rae
952 507 1245 555 subtilitatem
1259 524 1416 557 sensus
1429 509 1702 561 etintellec-

214 599 287 641 tus
312 593 462 640 multis
482 593 684 657 partibus
711 596 918 656 superat3
945 594 993 635 ut
1009 587 1225 652 pulchrae
1244 588 1352 637 illae
1369 590 1702 653 meditationes,

214 680 260 721 et
287 673 620 738 speculationes
651 672 900 730 humanae,
935 675 980 716 et
1012 668 1329 730 causationes,
1376 687 1450 719 res
1472 673 1701 721 malesana

214 753 320 814 sint,
359 752 444 800 nisi
467 753 583 816 quod
607 770 692 799 non
717 752 834 799 adsit
859 750 936 815 qui
962 749 1181 797 advertat.

909 863 1001 911 XI.

314 956 451 1006 Sicut
484 956 804 1016 scientiae,
850 970 964 1019 quae
999 971 1117 1001 nunc
1153 954 1400 1016 habentur,
1450 957 1703 1007 inutiles

215 1037 395 1086 suntad
416 1037 717 1099 inventionem
750 1052 963 1100 operum,
1000 1035 1065 1081 ita
1095 1039 1140 1081 ct
1176 1034 1405 1098 logica,
1443 1053 1557 1100 quae
1586 1055 1704 1088 nunc

215 1117 423 1179 habetur,
458 1117 702 1165 inutilis
740 1121 809 1164 est
832 1114 889 1162 ad
911 1114 1216 1162 inventionem
1245 1114 1554 1166 scientiarum.

903 1229 1019 1278 ΧΠ.

313 1323 568 1387 Logica,
618 1339 732 1387 quae
779 1323 825 1369 in
878 1323 1020 1368 abusu
1061 1327 1148 1379 est,
1197 1320 1250 1367 ad
1283 1337 1489 1385 errores,
1533 1326 1610 1390 qui
1657 1328 1704 1376 in

216 1404 475 1451 notionibus
502 1402 762 1465 vulgaribus
795 1401 1066 1463 fundantur,
1104 1401 1400 1449 stabiliendos
1430 1410 1475 1452 et
1504 1405 1707 1470 figendos

216 1485 337 1531 valet
372 1482 550 1547 potius,
595 1498 727 1546 qnam
756 1482 812 1528 ad
846 1482 1185 1546 inquisitionem
1217 1483 1445 1544 veritatis3
1485 1492 1534 1534 ut
1565 1489 1706 1553 magis

219 1563 494 1610 damnosa
531 1562 590 1609 sit
622 1578 753 1625 qnam
792 1562 935 1609 utilis.

891 1674 1037 1722 XIII.

324 1766 725 1832 Syllogismus
773 1766 827 1814 ad
866 1767 1094 1832 principia
1134 1765 1424 1815 scientiarum
1457 1787 1544 1818 non
1576 1772 1709 1821 adbi-

219 1850 377 1909 betur,
422 1848 478 1894 ad
520 1846 666 1894 media
711 1846 940 1894 axiomata
976 1847 1144 1894 frustra
1184 1846 1448 1910 adhibetur,
1507 1868 1608 1899 cum
1649 1854 1710 1902 sit

220 1929 443 1978 subtiliati
477 1933 664 1975 naturae
688 1928 822 1991 longe
845 1928 1015 1993 impar3
1054 1943 1355 1975 assensum
1392 1929 1544 1995 itaque
1576 1949 1710 1982 con-

221 2009 502 2074 stringit,
541 2025 648 2055 non
688 2023 798 2055 res.

891 2119 1032 2168 XIV.

325 2214 726 2279 Syllogismus
768 2230 834 2261 ex
882 2213 1412 2277 propositionibus
1459 2223 1710 2280 constat,

222 2295 672 2362 propositiones
705 2310 773 2342 ex
806 2293 1024 2354 verbis,
1062 2298 1237 2344 verba
1268 2297 1565 2345 notionum
1595 2304 1712 2346 tes-

227 2392 392 2423 serae
428 2382 576 2423 sunt.

328 2455 488 2520 Itaque
509 2454 547 2502 si
566 2454 772 2501 notiones
790 2452 915 2517 ipsae
934 2453 997 2516 [id
1019 2455 1136 2519 quod
1160 2456 1281 2503 basis
1303 2456 1369 2503 rei
1391 2458 1477 2519 est]
1498 2457 1713 2507 confusae

225 2537 317 2586 sint
340 2542 384 2584 et
403 2542 570 2583 temere
593 2551 619 2581 a
644 2534 777 2581 rebus
799 2534 1072 2597 abstractae,
1097 2536 1213 2584 nibil
1232 2537 1280 2584 in
1302 2538 1376 2598 iis,
1412 2554 1524 2603 quae
1550 2555 1714 2604 super-

226 2623 478 2677 struuntur,
509 2622 578 2663 est
600 2613 904 2661 firmitudinis.

327 2696 488 2761 Itaque
510 2711 644 2761 spes
680 2698 770 2741 cst
801 2710 914 2740 una
950 2698 1007 2745 in
1043 2697 1393 2746 inductione
1430 2714 1584 2747 vera.

910 2813 1025 2862 XV.

327 2911 390 2959 In
425 2910 772 2959 notionibus
808 2907 895 2954 nil
931 2905 1060 2954 sani
1097 2909 1210 2964 est,
1247 2902 1398 2949 necin
1419 2901 1600 2965 logicis,
1630 2917 1714 2949 nec

225 2991 271 3037 in
315 2992 540 3055 physicis3
592 3008 682 3038 non
727 2987 1056 3044 substantia,
1108 3001 1196 3031 non
1230 2982 1490 3048 qual-itas,
1537 2999 1712 3044 agere,
