1947 3456
315 288 378 334 78
838 286 1259 334 VERULAMII

919 428 1159 478 LXXIII.

411 520 577 568 Inter
619 516 884 579 SIGNA,
935 520 1148 566 nullum
1191 520 1370 583 magis
1423 525 1635 568 certum
1678 530 1770 569 aut

315 600 512 647 nobile
549 602 657 657 est,
692 612 849 660 quam
887 596 1029 660 quod
1064 596 1167 643 EX
1202 597 1669 648 FRUCTIBUS.

416 698 670 746 Fructus
706 697 853 745 enim
889 702 945 744 et
982 713 1152 761 opera
1184 697 1446 760 inventa,
1482 716 1582 764 pro
1619 700 1772 750 veri-

316 785 438 828 tate
482 776 1021 843 philosophiarum,
1062 776 1218 823 velut
1264 792 1577 840 sponsores
1613 785 1666 827 et
1700 779 1772 825 fi-

318 859 659 923 dejussores
695 860 842 902 sunt.

417 959 566 1022 Atque
591 974 648 1005 ex
673 955 966 1020 philosophiis
999 954 1096 1002 istis
1120 952 1395 1003 Graecorum
1417 961 1461 1003 et
1483 955 1774 1005 derivationi-

315 1040 399 1087 bus
430 1053 580 1085 earum
612 1052 693 1099 per
713 1034 1008 1098 particulares
1039 1034 1268 1094 scientias,
1303 1035 1396 1097 jam
1427 1050 1528 1098 per
1561 1040 1646 1082 tot
1680 1051 1775 1083 an-

315 1133 509 1164 norum
544 1115 755 1177 spatia,
789 1112 880 1158 vix
915 1128 1076 1158 unum
1114 1112 1465 1180 experimentum
1487 1112 1647 1161 adduci
1670 1120 1775 1177 pot-

317 1202 411 1256 est,
462 1192 579 1258 quod
624 1191 679 1238 ad
722 1190 947 1238 hominum
981 1195 1144 1238 statum
1190 1190 1424 1237 levandum
1461 1196 1505 1238 et
1531 1190 1773 1254 juvandum

316 1278 489 1338 spectet
526 1276 570 1318 et
614 1269 925 1334 philosophiae
970 1269 1349 1332 speculationibus
1396 1284 1449 1316 ac
1494 1268 1775 1332 dogmatibus

317 1368 418 1401 vere
440 1354 670 1413 acceptum
692 1348 851 1395 referri
871 1348 1027 1411 possit.

416 1451 556 1514 quue
585 1449 755 1498 Celsus
779 1449 970 1511 ingenue
993 1464 1044 1494 ac
1068 1447 1308 1510 prudenter
1325 1451 1507 1507 fatetur,
1543 1447 1775 1496 nimirum:

316 1531 693 1596 Experimenta
719 1526 998 1576 medicinae
1037 1526 1206 1590 primo
1241 1525 1451 1574 inventa
1465 1527 1670 1589 fuisse,
1713 1546 1776 1577 ac

312 1620 501 1678 postea
543 1609 769 1658 homines
816 1607 959 1655 circa
1004 1622 1065 1652 ea
1096 1603 1491 1669 philosophatos
1534 1622 1667 1665 esse,
1721 1614 1776 1654 et

318 1707 505 1739 causas
525 1689 800 1749 indagasse
823 1693 878 1733 et
899 1684 1191 1745 assignasse
1200 1701 1223 1741 ,·
1249 1699 1353 1729 non
1372 1683 1550 1731 ordine
1568 1685 1771 1733 inverso

318 1770 557 1826 evenisse,
579 1775 643 1814 ut
663 1783 729 1814 ex
747 1762 1070 1830 philosophia
1093 1770 1148 1810 et
1168 1778 1447 1809 causarum
1467 1763 1774 1823 cognitione,

316 1849 434 1915 ipsa
468 1845 824 1912 eaperimenta
866 1844 1076 1891 ebais-enta
1110 1847 1206 1888 aut
1249 1841 1556 1905 deprompta
1587 1851 1773 1891 essent.

417 1947 574 2011 Itaque
611 1947 768 1992 mirum
797 1961 886 1991 non
922 1948 1035 2003 erat,
1070 1940 1185 2005 apud
1215 1940 1481 2004 Aegyptios,
1517 1942 1594 2005 qui
1628 1959 1776 1991 rerum

316 2025 621 2073 inventoribus
661 2023 933 2069 divinitatem
972 2027 1016 2068 et
1051 2020 1431 2067 consecrationem
1461 2020 1775 2082 attribuerunt,

317 2107 469 2171 plures
493 2104 629 2150 fuisse
650 2103 879 2148 brutorum
919 2099 1173 2145 animalium
1199 2098 1433 2160 imagines,
1471 2114 1599 2160 quam
1626 2099 1775 2146 homi-

316 2200 448 2244 num3
488 2182 590 2246 quia
615 2182 745 2227 bruta
768 2179 994 2238 animalia,
1028 2194 1110 2241 per
1132 2176 1367 2223 instinctus
1386 2178 1613 2224 naturales
1637 2180 1776 2226 multa

317 2264 496 2310 inventa
526 2264 811 2323 pepererunt,
847 2257 922 2303 ubi
957 2257 1174 2315 homines,
1207 2272 1264 2303 ex
1292 2255 1570 2303 sermonibus
1599 2262 1644 2304 et
1662 2274 1776 2306 con-

319 2341 593 2391 clusionibus
621 2338 931 2397 rationalibus,
960 2352 1104 2400 pauca
1126 2340 1202 2381 aut
1222 2335 1347 2381 nulla
1372 2335 1672 2383 exhibuerint.

418 2442 489 2489 Ac
517 2440 824 2502 cbymicoruim
846 2437 1081 2496 industria,
1116 2437 1331 2484 nonnulla
1348 2437 1539 2500 peperit,
1574 2437 1653 2485 sed
1673 2442 1776 2484 tan·-

320 2536 449 2584 quam
482 2519 665 2565 fortuito
702 2524 746 2565 et
775 2517 936 2577 obiter,
974 2521 1049 2562 aut
1083 2532 1163 2578 per
1197 2517 1598 2579 experimentorum
1631 2532 1775 2580 quan-

321 2599 420 2645 dam
450 2597 755 2655 variationem,
790 2602 839 2642 ut
876 2595 1124 2642 mechanici
1153 2595 1316 2655 solent,
1351 2611 1442 2641 non
1479 2612 1537 2642 ex
1567 2600 1661 2640 arte
1696 2600 1772 2641 aut

319 2676 491 2723 theoria
513 2675 686 2737 aliqua3
723 2691 823 2720 nam
847 2690 916 2733 ea,
953 2689 1082 2736 quam
1112 2673 1438 2733 confinxerunt,
1468 2672 1773 2735 experimenta

318 2756 461 2818 magis
481 2755 726 2818 perturbat,
765 2769 891 2816 quam
915 2753 1057 2815 juvat.
1125 2751 1294 2799 Eorum
1326 2752 1475 2809 etiam,
1506 2750 1648 2812 quiin
1674 2766 1772 2796 ma-

320 2836 410 2896 gia,
447 2850 576 2898 quam
598 2838 773 2892 vocant,
810 2832 1002 2878 naturali
1025 2831 1187 2877 versati
1217 2835 1335 2890 sunt,
1372 2843 1515 2892 pauca
1537 2829 1773 2892 reperiun-

322 2918 393 2958 tur
417 2913 613 2974 inventa,
644 2928 783 2976 eaque
805 2911 921 2958 levia
945 2916 989 2958 et
1014 2910 1284 2973 imposturae
1311 2907 1540 2971 propiora.
