1947 3456
274 297 369 344 t-'tu
750 292 987 338 INDEX
1031 292 1295 337 RERUM.

1609 407 1733 443 Pagina

268 462 616 514 Antiquissimi
644 460 876 497 veritatis
904 459 1237 509 inquisitores
1281 481 1608 495 ......
1682 460 1732 494 93

267 513 576 565 Apotheosis
605 522 873 558 errrorum‚
905 510 1018 559 pestis
1045 508 1251 546 intellectus
1291 530 1606 544 ......
1682 508 1732 543 67

268 562 550 614 Aphorismi
579 561 714 596 notio
772 581 1541 597 .............
1592 556 1655 592 93.
1681 555 1732 592 94

268 613 531 665 Aphorism
547 622 677 645 orum
715 621 827 644 usus
862 607 963 656 apud
999 607 1234 656 inquisitores
1272 605 1433 643 veritatis
1465 603 1607 655 primos

438 669 475 697 et
500 658 774 708 antiquissimos
835 681 1539 694 ............
1595 678 1608 690 .
1682 654 1732 691 93

268 716 298 749 Α
312 713 384 762 pis
396 739 406 758 ,
430 710 524 746 ratio
541 709 677 755 media,
691 719 788 757 quae
803 705 996 743 materiam
1014 718 1060 742 ex
1075 705 1230 742 floribus
1245 704 1340 740 horti
1356 710 1393 740 et
1406 704 1486 752 agri
1509 703 1608 740 elicit
1660 704 1733 739 104

268 761 405 812 Apud
446 760 682 808 antiquos
713 754 1010 806 inquirendi
1038 762 1083 792 et
1119 753 1413 791 inveniendi
1441 754 1606 789 forma
1659 755 1734 789 130

266 813 297 848 A
311 825 334 860 p
347 824 369 847 u
382 810 404 846 d
434 810 467 845 G
481 821 529 845 ra
542 820 672 855 ecos,
698 806 951 843 doctrinarum
975 804 1246 842 revolutionum
1273 803 1450 853 periodus
1487 803 1609 851 prima
1682 803 1732 839 83

266 863 298 897 A
311 875 334 911 p
347 874 369 897 u
381 860 404 896 d
426 859 460 895 R
471 871 540 895 om
552 871 573 894 a
585 871 606 893 n
620 870 640 893 o
653 870 681 905 s,
701 856 953 893 doctrinarum
969 855 1241 891 revolutionum
1256 852 1430 902 periodus
1445 851 1610 889 secunda
1684 869 1734 878 —-

267 909 404 961 Apud
432 909 724 956 Europaeos
750 904 1116 951 occidentaleS,
1144 904 1260 940 doctr.
1278 902 1390 939 revol.
1407 901 1610 951 per.tertia
1684 917 1734 925 —-·

266 964 391 997 Area
419 958 599 995 mentis
627 955 828 1005 aequanda
851 961 889 991 et
915 954 1108 991 liberanda
1154 977 1608 991 ........
1686 950 1733 986 19

267 1008 579 1046 Aristoteles
655 1027 1544 1042 ...............
1596 999 1733 1038 58.76

388 1057 508 1105 magis
527 1054 760 1092 accusandus
781 1065 893 1103 quam
919 1058 1124 1089 sectatores
1150 1051 1230 1100 ejus
1254 1050 1422 1088 moderni
1472 1078 1480 1086 .
1531 1075 1542 1086 .
1595 1074 1607 1087 .
1682 1049 1732 1084 66

392 1107 683 1144 Ottomanorum
711 1116 817 1139 inore
897 1125 1607 1139 ............
1683 1099 1733 1135 71

393 1155 670 1205 philosophiam
701 1152 909 1188 naturalem
939 1150 1134 1188 dialectica
1160 1162 1227 1186 sua
1255 1148 1402 1198 corupit
1468 1175 1476 1185 .
1533 1175 1543 1184 .
1596 1174 1608 1185 .
1683 1147 1732 1183 05

390 1205 582 1242 rationalis
615 1203 763 1251 generis
801 1201 1145 1251 philosophantium
1171 1199 1392 1247 exemplum
1423 1199 1609 1245 stringens
1685 1214 1734 1220 —

268 1258 298 1293 A
310 1256 375 1292 ris
387 1261 400 1291 t
412 1268 433 1292 o
447 1262 458 1291 t
470 1268 489 1291 e
501 1255 509 1290 l
523 1266 543 1290 e
555 1267 570 1290 s
582 1282 592 1300 ‚
622 1259 747 1289 tantus
763 1252 843 1301 ipse
859 1251 912 1287 vir
929 1251 976 1288 de
1004 1250 1224 1288 animalibus
1240 1248 1432 1292 historiam
1449 1247 1612 1284 confecit
1663 1246 1735 1282 107

267 1304 565 1343 Aristotelis
592 1300 917 1352 philosophia
968 1324 1486 1338 .........
1513 1300 1574 1335 65.
1600 1296 1661 1334 71.
1684 1296 1733 1331 81

395 1366 549 1404 pugnax
579 1359 616 1389 et
643 1353 795 1400 spinosa
845 1371 1608 1389 .............
1685 1345 1735 1381 97

267 1403 556 1442 Aristotelis
583 1402 630 1438 de
659 1400 880 1438 animalibus
903 1400 1055 1437 historia
1090 1422 1543 1437 ........
1578 1397 1639 1433 66.
1662 1395 1735 1430 107

394 1453 631 1504 problemata
706 1470 1612 1488 ...............
1686 1444 1735 1479 66

393 1503 550 1554 physica
577 1509 614 1538 et
639 1500 899 1550 metaphysica
960 1519 1609 1537 ...........
1683 1510 1734 1519 -·

391 1559 596 1589 sectatores
655 1569 1610 1587 ................
1685 1559 1736 1568 -

268 1608 353 1643 Ars
382 1600 686 1638 dialecticae
713 1598 762 1635 ad
793 1610 941 1635 errores
967 1597 1140 1647 figendos
1166 1596 1281 1634 valuit
1342 1618 1610 1634 .....
1687 1593 1735 1628 12

265 1658 352 1693 Ars
375 1665 449 1699 ea,
478 1663 589 1700 quam
618 1661 684 1685 nos
712 1648 946 1692 adducimus,
974 1660 1021 1684 ex
1049 1659 1190 1696 genere
1215 1646 1361 1696 logicae
1411 1672 1420 1682 .
1472 1671 1483 1682 .
1537 1669 1546 1679 .
1600 1667 1613 1680 .
1687 1643 1734 1677 18

266 1707 353 1742 Ars
380 1709 427 1739 et
456 1712 624 1737 norma
654 1697 928 1748 interpretandi
958 1704 1131 1734 naturam
1209 1718 1610 1734 .......
1662 1693 1734 1727 119

265 1756 360 1792 Ars
383 1753 495 1801 ipsa
522 1749 794 1797 interpretandi
820 1754 992 1784 naturam
1020 1746 1270 1797 proponenda
1343 1767 1610 1783 .....
1663 1741 1735 1778 136

265 1806 354 1841 Ars
383 1797 704 1849 imprimendi
768 1819 1539 1835 .............
1556 1791 1735 1828 115.135

265 1858 358 1891 Ars
388 1847 764 1898 interpretandi
839 1871 1353 1884 .........
1382 1847 1443 1882 18.
1466 1844 1528 1881 24.
1555 1841 1735 1878 119.136

266 1902 401 1940 Artis
433 1899 595 1948 ipsius
622 1897 782 1946 figura
808 1896 968 1945 simplex
995 1901 1033 1932 et
1062 1895 1165 1932 nuda
1217 1916 1608 1933 .......
1686 1889 1735 1927 24

266 1955 430 1989 Artem
457 1947 669 1985 inveniendi
693 1960 776 1983 cum
805 1946 963 1983 inventis
991 1945 1208 1983 adolescere
1235 1957 1347 1995 posse
1404 1970 1413 1980 .
1467 1970 1478 1981 .
1531 1969 1543 1980 .
1596 1966 1609 1977 .
1661 1941 1735 1976 137

266 2004 411 2039 Artes
442 1999 616 2035 continuo
646 2002 823 2045 vegetant
852 2003 889 2032 et
916 2002 1087 2032 crescunt
1152 2015 1606 2033 ........
1684 1990 1734 2027 79

265 2046 682 2088 Artesliberales
709 2045 1106 2081 etmechanicae
1158 2069 1546 2082 .......
1597 2042 1661 2078 90.
1686 2039 1733 2076 91

391 2111 414 2135 a
443 2095 680 2147 philosophia
706 2094 866 2131 naturali
892 2094 1052 2130 alendae
1089 2117 1543 2132 ........
1594 2091 1657 2128 85.
1685 2089 1734 2125 86

266 2153 516 2188 Ascensus
544 2158 565 2182 a
597 2144 883 2195 particularibus
910 2144 960 2180 ad
987 2143 1267 2193 generalissima
1343 2165 1608 2180 .....
1663 2140 1735 2175 110

265 2200 384 2238 Asia
413 2198 508 2234 ultra
535 2196 709 2244 Gangem
772 2214 1613 2232 ..............
1685 2187 1736 2224 77

265 2246 606 2295 Astrologica
688 2271 698 2281 .
774 2264 1609 2281 ..............
1687 2234 1737 2274 54

265 2296 589 2337 Astronomia
653 2314 1611 2330 ................
1686 2286 1735 2323 85

268 2352 413 2386 Astus
451 2352 497 2383 et
544 2343 822 2381 artificium
859 2341 951 2378 RR.
975 2342 1068 2379 VV.
1094 2341 1177 2378 DD
1181 2363 1609 2380 ........
1686 2336 1736 2373 93

267 2397 547 2435 Atalantae
575 2405 706 2430 more
734 2391 925 2428 victoriam
953 2391 1127 2428 emittunt
1206 2419 1217 2429 .
1282 2414 1607 2430 ......
1684 2385 1736 2423 74

266 2447 543 2485 Atalantae
571 2443 701 2492 pilas
728 2441 950 2478 damnamus
1027 2463 1609 2480 ..........
1663 2437 1733 2472 121

267 2493 633 2534 Atlantisinsula
706 2518 718 2529 .
772 2518 781 2527 .
833 2519 842 2528 .
893 2518 904 2527 .
957 2517 968 2528 .
1024 2517 1033 2527 .
1088 2517 1097 2527 .
1149 2517 1160 2527 .
1214 2518 1226 2529 .
1279 2516 1291 2528 .
1342 2517 1355 2528 .
1407 2517 1417 2527 .
1470 2515 1479 2525 .
1533 2515 1544 2535 5
1597 2513 1610 2525 .
1663 2486 1736 2522 127

267 2549 387 2583 Aura
415 2543 519 2593 spei
550 2543 596 2579 ab
625 2543 696 2578 ista
723 2552 819 2577 nova
848 2540 1065 2577 continente
1091 2540 1266 2589 spirantis
1345 2563 1608 2577 .....
1662 2535 1734 2571 118

268 2599 361 2633 Aut
387 2594 480 2630 scire
508 2599 543 2629 et
571 2591 841 2641 contemplari,
875 2597 959 2626 aut
986 2601 1100 2638 agere
1127 2596 1166 2627 et
1191 2589 1339 2628 efficere
1410 2615 1423 2627 .
1473 2615 1486 2626 .
1534 2614 1548 2626 .
1595 2613 1606 2624 .
1683 2586 1734 2619 27

267 2651 509 2683 Autorum
540 2648 686 2678 autor
755 2667 765 2677 .
831 2661 1610 2678 .............
1684 2635 1734 2670 90

268 2695 390 2732 Axio
405 2707 439 2731 m
454 2705 474 2729 a
504 2704 576 2727 non
600 2690 744 2726 elicitur
767 2695 829 2724 aut
852 2687 1083 2735 efformatum
1108 2688 1175 2725 nisi
1195 2702 1263 2739 per
1283 2687 1509 2726 inductionis
1527 2685 1608 2722 sor-

441 2755 539 2779 mam
570 2741 771 2788 legitimam
796 2745 831 2774 et
859 2739 1048 2786 propriam
1093 2760 1605 2776 .........
1684 2733 1733 2768 28

269 2795 555 2837 Axiomata‚
583 2802 680 2838 quae
708 2789 745 2824 in
775 2800 866 2834 usu,
896 2787 994 2823 uude
1022 2788 1166 2824 fluxere
1219 2809 1607 2825 .......
1683 2782 1733 2818 48

393 2857 416 2879 a
444 2839 729 2892 particularibus
769 2837 837 2873 rite
863 2843 900 2872 et
928 2837 1059 2874 ordine
1085 2838 1294 2884 abstracta,
1331 2835 1420 2885 quid
1446 2833 1608 2871 reddunt
1684 2851 1733 2857 —

392 2894 439 2929 ab
460 2889 694 2940 experientia
709 2885 919 2929 educenda,
936 2893 972 2922 et
989 2899 1081 2922 rurs.
1096 2899 1144 2922 ex
1166 2887 1209 2923 iis
1226 2888 1487 2935 experimenta
1508 2895 1605 2920 nova
1681 2885 1731 2920 88

390 2954 457 2990 per
487 2938 680 2977 instantias
707 2944 885 2987 tauquam
916 2937 1001 2984 igne
1031 2937 1239 2985 probantur
1276 2958 1608 2974 ......
1684 2935 1731 2970 55
