1947 3456
215 257 279 307 54
760 255 1189 302 VERULAMII

314 381 436 428 Hine
467 383 755 428 commenta
779 379 894 440 illa,
914 381 969 427 in
992 379 1298 429 coelestibus
1315 378 1486 427 omnia
1497 379 1700 427 moveri

212 479 316 527 per
340 460 563 510 circulos
577 460 872 525 perfectos,
907 459 1041 506 lineis
1065 459 1308 522 spiralibus
1331 463 1375 505 et
1406 457 1693 517 draconibus,

219 540 309 587 nisi
337 540 516 587 nomine
553 543 707 597 tenus,
752 555 936 602 prorsus
973 538 1173 600 rejectis.
1244 537 1366 584 Hine
1387 537 1694 585 elementum

221 620 357 680 ignis
377 636 492 667 cum
514 620 633 667 orbe
655 635 764 678 suo,
800 616 1104 663 introductum
1141 621 1209 662 est
1245 616 1301 662 ad
1337 617 1695 664 constituendum

222 698 557 761 quaternionem
575 703 672 744 eum
688 696 873 760 reliquis
889 695 1050 755 tribus,
1077 711 1189 758 quae
1212 696 1512 759 subjiciuntur
1530 697 1697 743 sensui.

221 777 372 824 Etiam
419 777 682 826 elementis
730 778 861 840 [quae
898 775 1073 835 vocant]
1111 774 1357 837 imponitur
1392 766 1448 821 ad
1484 775 1699 838 placitum

224 856 443 922 decupla
460 856 734 922 proportio
766 871 1008 925 esi-cessas
1040 854 1094 901 in
1113 855 1346 903 raritate
1379 854 1451 902 ad
1470 855 1698 913 mei-icem,

223 942 266 984 et
304 935 636 1000 hujusmodi
672 934 907 982 somnia.

322 1014 483 1079 Neque
521 1015 693 1062 vanitas
729 1014 815 1060 ista
848 1019 1019 1060 tantum
1056 1013 1174 1059 valet
1219 1012 1274 1058 in
1311 1012 1374 1059 do
1389 1012 1700 1076 gmatibns,

227 1111 373 1142 verum
413 1095 546 1141 etiam
581 1094 595 1140 i
613 1111 640 1140 n
678 1110 704 1139 n
721 1093 839 1139 otio
854 1092 949 1138 nib
964 1109 991 1138 u
1005 1108 1026 1138 s
1059 1091 1355 1156 simplicibus.
1541 1088 1543 1090 ’

882 1226 1067 1275 XLVI.

330 1318 735 1370 Intellectus
771 1319 1108 1374 humanus,
1146 1318 1203 1365 in
1240 1318 1499 1381 iis,quae
1526 1316 1701 1364 semel

227 1401 588 1463 placuerunt
627 1401 743 1460 [aut
780 1399 912 1462 quia
947 1403 1188 1461 recepta
1224 1403 1358 1445 sunt
1388 1402 1441 1445 et
1472 1395 1703 1443 eredita

228 1486 326 1527 aut
376 1481 504 1545 qnia
560 1479 885 1537 delectant]
934 1476 1051 1522 alia
1091 1477 1268 1523 etiam
1305 1475 1494 1523 omnia
1527 1474 1705 1522 trahit

228 1559 293 1605 ad
343 1559 837 1622 suffragationem
891 1560 946 1602 et
993 1571 1337 1602 consensum
1388 1571 1503 1602 eum
1561 1554 1704 1601 illis.

229 1635 302 1684 Et
337 1638 484 1686 lieet
521 1639 704 1702 major
740 1637 820 1683 sit
854 1635 1334 1684 instantiarum
1381 1636 1474 1684 vis
1519 1642 1582 1683 et
1617 1651 1706 1682 co-

221 1718 369 1782 pia,
421 1733 533 1781 quae
584 1720 825 1764 occurrunt
868 1715 915 1760 in
962 1716 1263 1775 contrarium,
1310 1720 1460 1762 tamen
1509 1730 1586 1762 eas
1631 1718 1707 1759 aut

229 1813 320 1843 non
358 1797 590 1856 observat,
627 1800 704 1842 aut
739 1795 1011 1855 contemnit,
1045 1801 1122 1843 aut
1158 1794 1471 1858 distinguendo
1509 1808 1707 1840 summo-

230 1881 302 1923 vet
348 1881 393 1923 et
425 1876 602 1940 rejicit,
636 1891 726 1921 non
773 1874 869 1921 sine
907 1874 1067 1938 niagno
1105 1881 1149 1923 et
1182 1875 1437 1939 pernicioso
1474 1870 1708 1937 praejudi-

230 1955 321 2016 cio,
361 1972 446 2019 quo
483 1954 709 2020 prioribus
742 1953 836 2000 illis
871 1955 1138 2018 syllepsibus
1175 1955 1392 2004 autoritas
1430 1956 1608 2001 maneat
1633 1949 1709 1996 in-

231 2034 415 2082 violata.

333 2113 492 2178 Itaque
528 2117 652 2160 reete
690 2110 923 2176 respondit
958 2112 1062 2174 ille,
1108 2115 1209 2178 qui,
1259 2131 1359 2162 cum
1396 2109 1611 2175 suspensa
1635 2112 1710 2155 ta-

234 2194 340 2241 bula
375 2194 421 2240 in
457 2192 625 2256 templo
663 2192 705 2239 ei
744 2196 1069 2239 monstraretur
1105 2210 1285 2255 eorum,
1324 2192 1400 2257 qui
1420 2195 1524 2247 vota
1560 2188 1710 2235 solve-

234 2278 364 2332 rant,
413 2271 532 2336 quod
566 2271 790 2334 naufragii
837 2271 1036 2335 periculo
1068 2273 1211 2337 elapsi
1241 2273 1354 2333 sint,
1399 2275 1531 2334 atque
1567 2267 1712 2313 inter-

234 2351 433 2415 rogando
469 2356 773 2415 premeretur,
809 2367 922 2398 anne
951 2357 1041 2398 tum
1082 2353 1257 2416 quidem
1294 2352 1496 2398 Deorum
1532 2345 1711 2394 Numen

238 2435 533 2493 agnosceret,
571 2430 791 2493 quaesivit
829 2430 1001 2477 denuo:
1036 2431 1110 2479 At
1143 2433 1235 2481 ubi
1260 2439 1384 2481 sunt
1419 2428 1502 2478 illi
1518 2422 1718 2489 depicti

240 2510 331 2575 qui
355 2516 479 2574 post
513 2517 639 2558 ‘cota
669 2517 972 2574 nuncupata
999 2512 1313 2576 perierunt?
1392 2507 1566 2556 Eadem
1595 2502 1710 2550 ratio

241 2593 310 2637 est
345 2587 440 2634 fere
486 2588 628 2635 omnis
674 2589 1034 2652 superstitionis,
1082 2595 1131 2637 ut
1173 2591 1228 2639 in
1267 2587 1623 2649 astrologicis,
1658 2586 1714 2633 in

244 2667 480 2727 somniis,
518 2668 782 2727 ominibus,
819 2670 1101 2719 nem-esibus
1138 2675 1182 2717 et
1212 2666 1491 2733 liujusmodi3
1527 2666 1576 2711 in
1612 2665 1715 2728 qui-

241 2749 353 2808 bus,
383 2745 587 2793 homines
626 2745 838 2793 delectati
866 2747 1122 2811 hujusmodi
1158 2748 1446 2806 vanitatibus,
1480 2744 1715 2792 advertunt

243 2830 426 2874 eventus
461 2823 539 2872 ubi
570 2824 838 2889 implentur,
889 2830 957 2872 ast
994 2826 1069 2873 ubi
1108 2826 1289 2886 fallunt,
1324 2826 1433 2873 licet
1462 2824 1601 2874 multo
1621 2823 1717 2871 fre-

247 2905 478 2967 quentius,
518 2910 664 2951 tamen
703 2904 936 2967 negligunt
967 2910 1010 2952 et
1041 2909 1343 2969 praetereunt.
