1947 3456
299 288 360 331 (52
819 286 1244 329 VERL‘LAMH

400 408 550 472 Atque
585 409 669 455 hoc
704 424 843 471 genus
863 406 1083 454 idolorum
1106 406 1285 453 facilius
1314 406 1519 471 ejicitur,
1556 408 1659 470 quia
1682 426 1761 473 per

300 492 573 535 constantem
596 487 935 549 abnegationem
956 491 999 533 et
1019 485 1364 549 antiquationem
1387 484 1657 532 theoriarum
1677 504 1761 534 ex-

298 565 527 614 terminari
562 570 764 628 possunt.

398 645 462 692 At
483 645 669 691 alterum
687 660 825 706 genus
853 643 1114 706 perplexum
1138 646 1205 688 est
1227 646 1271 688 et
1291 641 1379 688 alte
1403 641 1608 702 haerens,
1645 642 1761 705 quod

300 742 354 772 ex
378 724 496 771 mala
516 728 560 770 ct
580 722 787 787 imperita
810 720 1110 768 abstractione
1133 719 1373 766 excitatur.

399 802 613 866 Exempli
646 802 816 865 gratia,
862 799 1111 863 accipiatur
1150 797 1330 862 aliquod
1365 797 1544 844 verbum
1584 798 1761 858 [Immi-

299 885 436 942 dum,
468 882 506 928 si
526 882 710 945 placet‚]
742 886 785 927 et
805 878 1048 939 videamus,
1075 876 1292 941 quomodo
1315 876 1399 923 sibi
1425 880 1630 922 constent
1649 893 1761 939 quae

297 980 379 1026 per
401 962 485 1009 hoc
509 961 688 1008 verbum
710 958 1035 1021 significantur,
1073 961 1117 1003 et
1142 956 1393 1003 invenietur
1420 955 1599 1001 verbum
1625 955 1761 1016 istud,

297 1041 573 1099 humidum,
608 1038 720 1084 nihil
749 1037 870 1083 aliud
898 1052 1027 1099 quam
1051 1041 1155 1081 nota
1177 1034 1362 1081 confusa
1385 1033 1657 1080 diversarum
1682 1049 1763 1080 ac·-

297 1121 484 1178 tionum,
515 1133 626 1181 quae
652 1117 819 1162 nullam
847 1114 1139 1162 constantiam
1163 1117 1238 1159 aut
1259 1112 1558 1179 reductionem
1582 1114 1764 1177 patiun-

297 1207 385 1246 tur.
457 1195 697 1260 Significat
717 1194 856 1241 enim:
883 1200 943 1255 et,
981 1194 1117 1259 quod
1137 1194 1277 1241 circa
1301 1191 1446 1239 ale'ud
1470 1195 1762 1257 corpusfa-

299 1278 392 1326 cz’le
414 1295 466 1325 se
488 1274 864 1337 circumfundit
875 1291 897 1331 ,·
934 1279 992 1333 et,
1031 1275 1167 1337 quod
1192 1273 1257 1319 ’ὑί
1276 1288 1329 1319 se
1360 1279 1440 1319 est
1466 1273 1762 1320 indetermi-

297 1356 463 1404 nabe'le
497 1372 589 1401 nec
620 1353 903 1401 consistere
923 1360 1136 1416 potest;
1173 1357 1233 1410 et,
1268 1351 1405 1415 quod
1424 1351 1597 1413 facile
1623 1353 1761 1399 cedit

297 1435 547 1499 nmisque,-
586 1438 646 1492 et,
684 1433 820 1496 quod
839 1431 1010 1494 facile
1033 1448 1085 1479 se
1108 1431 1289 1477 dividit
1305 1437 1359 1477 et
1383 1430 1665 1493 dz'spergz't,·
1699 1435 1760 1490 et,

300 1515 436 1579 quod
443 1513 615 1577 facile
636 1529 689 1560 se
711 1511 828 1557 um’t
853 1517 906 1556 et
925 1510 1124 1571 colligit
1135 1528 1158 1569 ,·
1194 1514 1255 1569 et,
1292 1510 1429 1574 quod
1445 1509 1617 1571 facile
1625 1510 1762 1571 flm't

298 1602 352 1641 et
382 1593 437 1640 ὑι
467 1599 612 1639 motu
634 1590 856 1655 ponitur
870 1606 891 1646 ,·
931 1595 990 1647 et,
1024 1589 1160 1652 quod
1187 1588 1350 1635 alteri
1373 1588 1591 1653 corpori
1588 1588 1762 1650 facile

297 1673 549 1721 adhaeret
582 1672 732 1734 idque
763 1668 1054 1730 madefacit
1065 1686 1087 1725 ,·
1123 1672 1182 1727 et,
1213 1668 1349 1732 quod
1362 1667 1534 1730 facile
1562 1668 1762 1715 reduci-

298 1761 390 1800 tur
420 1753 474 1799 in
503 1750 748 1815 liquidum
782 1747 884 1796 siz-e
913 1747 1228 1811 colliquatur
1260 1764 1375 1794 cum
1405 1753 1564 1794 antea
1600 1747 1762 1795 consi-

297 1839 478 1880 steret.
549 1829 724 1891 Itaque,
761 1843 894 1890 quum
919 1825 973 1871 ad
1003 1825 1135 1889 hujus
1161 1825 1351 1872 nominis
1383 1824 1762 1888 praedicationem

298 1916 340 1957 et
360 1909 688 1972 impositionem
709 1912 884 1953 ventum
905 1904 980 1964 sit,
1013 1905 1052 1951 si
1072 1905 1161 1950 alia
1184 1904 1398 1967 accipias,
1419 1905 1646 1966 flamma
1666 1902 1762 1950 leu-

297 1989 436 2037 mae‘da
471 1995 576 2042 (ἐπ,-
612 1986 650 2032 si
683 1985 771 2030 alia
807 1984 1020 2045 accipias,
1059 1989 1151 2031 ae'r
1186 1984 1422 2032 humidus
1448 2000 1551 2031 non
1570 1989 1649 2030 est
1660 2000 1682 2039 ,·
1718 1982 1757 2027 si

298 2069 413 2127 alia,
443 2066 617 2132 pulvis
648 2064 878 2111 minutus
904 2061 1140 2111 humidus
1173 2071 1253 2111 est
1265 2081 1286 2121 ,·
1331 2063 1369 2108 51
1401 2063 1517 2121 3113,
1565 2061 1760 2109 vitrum

295 2147 555 2194 lesumae‘dum
594 2150 703 2191 est:
752 2147 800 2188 ut
830 2141 963 2187 facile
996 2147 1227 2204 appareat,
1261 2142 1392 2187 istam
1430 2139 1654 2186 notionem
1703 2156 1760 2186 cx

296 2241 410 2289 aqua
432 2230 600 2271 tantum
625 2228 669 2269 ct
694 2220 997 2268 communibus
1020 2227 1063 2266 ct
1084 2220 1338 2283 vulgaribus
1359 2219 1623 2282 liquoribus,
1655 2219 1761 2265 abs-

298 2321 380 2367 que
406 2304 498 2349 ulla
522 2301 671 2348 debita
689 2299 1010 2359 verificatione,
1047 2306 1212 2346 temere
1235 2300 1502 2346 abstractam
1532 2314 1646 2345 csse.

398 2381 452 2427 In
475 2381 620 2428 verbis
654 2385 799 2426 autem
827 2378 991 2441 gradus
1025 2383 1126 2424 sunt
1150 2377 1324 2440 quidam
1357 2377 1590 2441 pravitatis
1614 2382 1659 2424 ct
1686 2393 1762 2424 er-

296 2461 428 2506 roris.
507 2459 661 2506 Minus
695 2458 902 2505 vitiosum
941 2473 1080 2518 genus
1116 2465 1183 2502 est
1227 2457 1452 2503 nominum
1488 2456 1760 2502 substantiae

297 2540 505 2601 alicujus,
541 2538 802 2601 praesertim
837 2536 1083 2598 specierum
1107 2533 1356 2580 infimarum
1390 2540 1434 2581 et
1459 2535 1569 2582 bene
1592 2534 1759 2581 deduc-

295 2626 458 2676 tarum,
493 2618 611 2677 [nam
642 2616 764 2662 notio
799 2622 993 2668 cretae,
1031 2613 1158 2673 lecti,
1197 2615 1336 2672 bona3
1376 2622 1569 2672 terrae,
1605 2612 1760 2672 mala].

295 2696 516 2742 vitiosius
554 2711 693 2758 genus
727 2700 793 2741 est
829 2694 1076 2752 actionum,
1113 2698 1188 2752 ut,
1219 2709 1492 2754 generare,
1527 2707 1763 2738 corrum-

288 2793 433 2840 pere,
471 2775 715 2823 alterare.
773 2771 1124 2818 vitiosissimum
1151 2772 1410 2834 qualitatum
1433 2768 1654 2832 [exceptis
1675 2770 1759 2816 ob·-

292 2855 425 2916 jcctis
468 2870 622 2901 sensus
660 2850 944 2910 immediatis]
996 2855 1069 2910 111,
1121 2850 1326 2911 gravis,
1371 2848 1518 2906 lez-is,
1565 2848 1755 2907 tenuis,

295 2934 453 2993 densi,
490 2941 585 2981 etc.
655 2930 718 2978 Et
755 2936 900 2978 tamen
934 2929 981 2975 in
1009 2929 1210 2998 omnibus
1235 2928 1333 2974 istis
1365 2926 1462 2974 fieri
1484 2943 1569 2974 non
1594 2932 1758 2991 potest,
