2064 3490
587 281 838 328 NOVUM
896 281 1267 327 ORGANUM.
1606 277 1667 324 61

815 401 1052 450 LXXVI.

291 492 452 558 Neque
471 494 585 541 illud
609 492 683 541 SI
699 491 801 540 GN
812 491 921 539 ΠΜ
945 490 1389 556 praetermittendum
1413 496 1498 552 est,
1527 493 1671 556 quod

190 579 357 620 tanta
389 573 574 621 fuerit
603 573 759 620 inter
790 571 1176 636 philosophos
1207 571 1341 618 olim
1377 570 1670 620 dissensio

191 660 248 701 et
279 654 611 702 scholarum
647 653 909 717 ipsarum
946 651 1222 699 varietas.
1289 651 1422 712 Quod
1459 653 1569 699 satis
1592 669 1671 700 os-

189 732 358 794 tendit,
397 733 511 780 viam
548 749 574 780 a
609 749 743 781 sensu
780 733 835 779 ad
871 732 1151 779 intellectum
1181 747 1271 778 non
1307 731 1421 778 bene
1456 732 1672 779 munitam

187 811 352 873 fuisse,
389 829 488 860 cum
523 812 678 860 eadem
716 812 904 859 materia
937 811 1250 875 philosophiae
1283 812 1462 872 [natura
1495 812 1673 859 scilicet

188 893 356 953 rerum]
381 893 428 938 in
459 898 548 940 tam
572 908 708 954 vagos
737 898 782 938 et
803 891 1075 954 multiplices
1105 907 1281 938 errores
1316 891 1503 954 abrepta
1535 891 1671 938 fuerit

188 975 234 1017 et
270 970 503 1017 distracta.
556 970 708 1033 Atque
741 970 850 1017 licet
884 970 1008 1016 hisce
1044 970 1338 1033 temporibus,
1367 969 1671 1018 dissensiones

188 1053 234 1096 et
270 1048 524 1111 dogmatum
562 1050 845 1098 diversitates
881 1048 1005 1095 circa
1040 1048 1265 1112 principia
1299 1049 1400 1112 ipsa
1436 1055 1481 1096 et
1517 1049 1670 1112 philo-

186 1127 370 1191 sophias
417 1129 645 1193 integras,
705 1136 755 1176 ut
800 1128 1039 1193 plurimum
1091 1128 1319 1175 extinctae
1356 1128 1471 1186 sint3
1520 1134 1669 1176 tamen

188 1206 311 1254 circa
335 1214 487 1271 partes
518 1209 849 1273 philosophiae,
886 1208 1145 1254 innumerae
1181 1212 1362 1254 manent
1383 1208 1668 1271 quaestiones

187 1291 233 1333 et
271 1290 631 1349 controversiae,
690 1295 740 1336 ut
786 1289 957 1352 plane
1012 1291 1314 1351 appareat,
1372 1303 1555 1350 neque
1611 1288 1668 1334 in

186 1366 521 1431 philophiis
557 1367 738 1432 ipsis,
776 1382 954 1430 neque
990 1366 1045 1412 in
1082 1364 1266 1412 modis
1313 1364 1668 1413 demonstra-

185 1446 401 1493 tionum
437 1446 664 1510 aliquid
701 1447 850 1493 certi
886 1449 983 1491 aut
1012 1444 1139 1491 sani
1172 1460 1320 1492 esse.

795 1578 1059 1627 LXXVII.

285 1669 419 1731 Quod
438 1688 543 1719 vero
563 1677 722 1736 putant
744 1671 964 1731 homines,
996 1670 1052 1716 in
1087 1668 1246 1733 philo
1261 1667 1467 1732 sophia
1494 1668 1666 1719 Aris-

187 1750 425 1799 totelis
464 1767 720 1814 magnum
756 1752 958 1815 utique
1005 1765 1341 1796 eonsensum
1374 1764 1528 1809 esse,
1566 1766 1668 1797 eum

183 1835 287 1895 post
313 1830 438 1876 illam
475 1830 658 1891 editam,
695 1831 976 1894 antiquorum
1016 1827 1432 1892 philosophiae
1479 1844 1668 1875 cessa—

184 1909 379 1956 verint
415 1914 460 1956 et
486 1910 783 1970 exoleverint,
822 1915 891 1956 ast
929 1908 1046 1972 apud
1081 1912 1301 1970 tempora,
1337 1921 1449 1969 quae
1481 1912 1669 1970 sequuta

185 1994 305 2050 sunt,
341 1988 408 2034 nil
443 1991 603 2037 melius
639 1990 867 2037 inventum
901 1988 1054 2048 fuerit,
1095 1986 1206 2032 adeo
1244 1992 1293 2032 ut
1321 1985 1402 2031 illa
1434 1990 1525 2031 tam
1558 1986 1669 2033 hene

182 2072 333 2137 posita
363 2077 409 2120 et
454 2070 641 2119 fundata
677 2068 906 2130 videatur,
959 2072 1008 2114 ut
1053 2072 1286 2130 utrumque
1323 2070 1498 2128 tempus
1535 2065 1590 2111 ad
1619 2082 1668 2112 se

183 2152 392 2200 traxerit.

285 2231 515 2290 Primo,
581 2226 699 2291 quod
758 2226 824 2272 de
889 2223 1236 2272 cessatione
1297 2221 1669 2286 antiquarum

183 2307 696 2377 philosophiarum
734 2309 836 2369 post
871 2302 1175 2354 Aristotelis
1207 2317 1346 2365 opera
1371 2300 1491 2348 edita
1520 2301 1669 2348 homi-

186 2407 265 2439 nes
299 2389 590 2453 cogitant,
627 2385 675 2432 id
708 2385 870 2431 falsum
897 2389 989 2442 est;
1036 2383 1111 2430 diu
1141 2381 1259 2429 enim
1296 2385 1480 2444 postea,
1529 2397 1669 2445 usque

185 2470 242 2517 ad
277 2474 481 2533 tempora
512 2465 788 2524 Ciceronis,
823 2469 868 2511 et
896 2464 1078 2511 saecula
1109 2460 1370 2525 sequentia,
1410 2466 1670 2508 manserunt

185 2565 324 2614 opera
360 2552 558 2595 veterum
610 2543 998 2610 philosophorum.
1089 2540 1185 2589 Sed
1230 2540 1507 2604 temporibus
1544 2539 1670 2586 inse-

183 2628 438 2694 quentibus,
461 2642 519 2673 ex
545 2624 837 2671 inundatione
862 2624 1153 2670 harbarorum
1178 2621 1223 2666 in
1245 2619 1481 2684 imperium
1497 2619 1671 2666 Romaa

183 2725 306 2769 num,
325 2711 562 2771 postquam
587 2704 793 2751 doctrina
806 2703 1000 2749 humana
1014 2703 1132 2749 velut
1150 2698 1433 2762 naufragium
1455 2714 1671 2763 perpessa

185 2793 322 2848 esset,
357 2791 452 2834 tum
479 2784 655 2833 demum
690 2781 1115 2847 philosophiae
1151 2779 1557 2829 Aristotelis
1607 2784 1672 2825 et

188 2866 516 2925 Platonis,
540 2870 753 2928 tanquam
775 2861 956 2908 tabulae
981 2877 1038 2908 ex
1057 2860 1248 2908 materia
1268 2858 1439 2905 leviore
1463 2863 1507 2904 et
1527 2857 1672 2904 minus

186 2944 349 3005 solida,
384 2961 466 3009 per
485 2944 647 2991 fluetus
671 2947 924 3007 temporum
943 2946 1147 2988 servatae
1174 2942 1291 2985 sunt.

237 3021 659 3056 Vnumnmzc„
1421 3013 1448 3054 6
