1947 3456
261 271 326 316 48
853 270 1278 317 ΥΕΗΓΙ..ΑΜΙῙ

265 393 289 441 Ι
303 392 346 439 D
360 390 404 440 Ο
417 390 460 438 L
473 392 517 439 A
563 397 606 439 et
643 391 817 439 (livinae
855 392 1015 439 mentis
1060 392 1083 439 I
1095 392 1138 440 D
1152 390 1193 439 E
1205 391 1297 441 AS
1313 430 1326 454 ‚
1370 394 1456 441 hoc
1486 402 1552 442 est
1569 429 1583 456 ,
1615 397 1731 444 inter

265 472 434 536 placita
459 471 671 535 quaedam
692 471 859 530 inania,
889 477 933 518 et
956 488 1082 518 veras
1104 474 1357 536 signaturas
1380 478 1511 537 atque
1540 475 1733 539 impres-

268 551 419 599 siones
459 551 602 597 factas
624 551 668 596 in
693 549 930 609 creaturis,
966 558 1098 613 prout
1125 551 1426 599 inveniuntur.

902 672 1091 719 XXIV.

362 762 502 812 Nullo
545 762 675 809 modo
702 762 800 810 fieri
834 768 1006 826 potest,
1054 770 1102 810 ut
1132 763 1356 812 axiomata
1385 784 1466 831 per
1495 784 1734 831 argumen-

265 843 477 891 tationem
524 843 794 901 constituta,
844 841 897 887 ad
942 842 1242 892 inventionem
1292 863 1505 894 novorum
1552 864 1733 911 operum

268 923 463 982 valeant,
492 921 595 986 quia
618 922 843 968 subtilitas
863 925 1066 985 naturae,
1087 925 1377 972 subtilitatem
1399 927 1736 988 argumentandi

267 1002 421 1049 multis
446 1001 646 1065 partibus
675 1010 880 1065 superat3
906 1000 980 1046 sed
1021 1003 1314 1051 axiomata
1348 1021 1373 1051 a
1409 1006 1736 1069 particula-

266 1081 431 1127 ribus
468 1081 580 1126 rite
613 1086 666 1127 et
702 1081 905 1131 ordine
939 1082 1265 1142 abstracta,
1302 1099 1416 1130 nova
1444 1085 1737 1147 particularia

267 1175 422 1205 rursus
462 1158 596 1205 facile
640 1172 959 1212 INmCANT
1014 1175 1092 1210 ET
1139 1169 1536 1222 DESIGNANT3
1587 1165 1737 1229 itaque

268 1250 606 1287 seinN‘riAs
644 1252 949 1291 nssnnoNT
981 1254 1273 1290 Acrivas.

920 1365 1085 1412 XXV.

370 1453 681 1499 Axiomata
719 1470 861 1516 quae
898 1456 951 1500 in
987 1473 1084 1501 usu
1120 1461 1276 1515 sunt,
1318 1470 1372 1501 ex
1408 1454 1531 1501 tenui
1570 1460 1615 1502 et
1641 1471 1740 1502 ma-

269 1533 466 1596 nipulari
504 1532 785 1594 experientia
830 1538 875 1580 et
909 1534 1064 1598 paucis
1101 1534 1480 1598 particularibus,
1539 1550 1651 1598 quae
1692 1540 1741 1581 ut

268 1612 505 1675 plurimum
544 1617 810 1671 occurrunt,
848 1612 1046 1673 fluxere,
1084 1619 1128 1660 et
1159 1618 1262 1659 sunt
1289 1611 1384 1659 fere
1407 1612 1461 1658 ad
1489 1629 1739 1660 mensuram

271 1707 422 1738 eorum
449 1691 570 1736 sacta
604 1695 648 1737 et
682 1696 895 1752 extensa,
948 1698 997 1739 ut
1033 1692 1097 1738 nil
1134 1692 1292 1738 mirum
1325 1692 1411 1751 sit,
1459 1692 1498 1738 si
1537 1691 1593 1738 ad
1626 1709 1742 1739 nova

269 1770 563 1833 particularia
585 1786 675 1816 non
691 1769 870 1819 ducant.
919 1771 1047 1830 Quod
1066 1772 1103 1818 si
1127 1772 1242 1818 sorte
1277 1771 1413 1819 INS
1436 1771 1591 1819 TAN
1610 1770 1742 1819 TIA

271 1848 421 1912 aliqua
436 1865 522 1895 non
545 1849 669 1912 prius
686 1849 992 1897 animadversa
1009 1855 1084 1897 aut
1100 1851 1279 1914 cognita
1301 1868 1349 1898 se
1370 1851 1545 1911 offerat,
1565 1851 1742 1898 axioma

272 1927 559 1974 distinctione
590 1928 739 1991 aliqua
774 1929 934 1975 frivola
967 1931 1193 1992 salvatur,
1237 1930 1314 1977 ubi
1342 1930 1567 1977 emendari
1597 1930 1741 1994 ipsum

274 2006 420 2053 verius
445 2006 578 2053 soret.

910 2130 1099 2178 XXVI.

374 2220 682 2268 Rationem
730 2220 1023 2267 humanam
1074 2238 1182 2285 qua
1215 2221 1424 2268 utimur
1469 2221 1532 2268 ad
1579 2227 1743 2269 natu-

274 2319 412 2361 ram,
449 2298 1143 2348 ANTICIPATIONES
1173 2299 1573 2362 NATURAE,
1610 2301 1744 2365 quia

275 2397 364 2427 res
411 2380 733 2426 temeraria
790 2385 877 2427 est
929 2386 981 2427 et
1026 2385 1421 2444 praematura,
1479 2386 1533 2427 at
1578 2381 1743 2427 illa'm

275 2460 549 2505 rationem
583 2475 719 2522 quae
749 2459 964 2507 debitis
1002 2459 1181 2505 modis
1218 2459 1467 2506 elicitur
1497 2476 1523 2506 a
1555 2460 1742 2518 rebus,

275 2536 1129 2586 INTERPRETATIONEM
1188 2537 1600 2598 NATURAE,
1659 2536 1743 2584 ‹lo-

279 2616 407 2663 cendi
429 2616 575 2679 gratia
605 2633 763 2665 vocare
788 2618 1114 2664 consuevimus.

902 2750 1117 2798 XXVII.

379 2842 917 2907 Anticz'pationes
945 2843 1093 2888 satis
1123 2841 1328 2887 firmae
1359 2845 1491 2887 sunt
1521 2838 1584 2886 ad
1617 2856 1745 2886 con-

282 2940 335 2970 se
350 2940 410 2970 ns
425 2940 451 2970 u
467 2942 506 2970 m
521 2959 536 2985 ,
575 2920 945 2988 qnandoquidem,
982 2920 1020 2966 si
1043 2920 1242 2967 homines
1265 2919 1398 2966 etiam
1420 2919 1668 2967 insanirent
1691 2919 1744 2965 ad
