2064 3490
611 298 871 346 NOVUM
908 297 1280 345 ORGANUM.
1591 296 1688 344 105

199 424 336 473 dere
388 422 523 488 [quod
571 423 716 470 adhue
766 422 931 468 sactum
979 436 1068 467 non
1126 421 1213 482 est]
1253 420 1394 468 bene
1449 437 1507 485 sp
1523 436 1546 468 e
1562 437 1691 469 ran-

199 504 227 552 d
241 522 268 551 u
281 522 322 551 m
363 521 387 552 e
403 511 470 552 st.

857 577 1038 626 XCVI.

297 670 610 721 Naturalis
653 670 1042 735 philosophia
1088 667 1233 715 adhuc
1273 669 1453 717 sincera
1489 689 1578 719 non
1611 673 1687 722 in-

198 753 403 813 venitur,
447 751 524 799 sed
573 750 587 797 i
602 768 629 797 n
643 750 697 798 fe
713 755 766 798 et
781 767 805 797 a
854 756 908 797 et
948 766 972 796 e
988 767 1012 795 o
1028 766 1050 795 1·
1063 766 1085 795 r
1100 766 1123 795 u
1140 766 1166 812 p
1179 753 1195 795 t
1210 765 1260 796 a:
1308 751 1363 798 in
1383 751 1689 805 Aristotelis

199 833 393 894 schola,
417 850 444 896 p
460 849 482 878 e
495 848 518 877 r
552 831 714 895 logie
727 847 753 877 a
766 848 835 889 ¹1¹3
863 829 1182 878 itt-Platonis
1198 829 1376 879 schola
1400 848 1464 895 pe
1479 849 1500 877 r
1533 834 1589 880 th
1603 852 1626 882 e
1641 852 1689 882 o·-

198 913 417 977 logiam
458 910 820 968 naturalem3
857 911 911 958 in
945 911 1175 959 secunda
1210 910 1389 960 schola
1422 912 1687 976 Platonis,

201 993 391 1041 Procli
404 1000 459 1040 et
482 991 723 1050 aliorum,
746 1007 773 1054 p
790 1006 813 1036 e
828 1005 851 1035 r
886 990 1353 1037 mathematicam
1372 1008 1383 1050 ;
1406 1009 1518 1055 quae
1544 994 1692 1058 philo-

200 1072 405 1137 sophiam
430 1071 682 1118 naturalem
699 1069 962 1131 terminare,
1000 1087 1088 1117 non
1111 1086 1328 1133 generare
1349 1078 1425 1118 aut
1450 1089 1692 1136 procreare

199 1151 349 1200 dehet.
429 1150 495 1199 At
540 1164 608 1198 ex
658 1149 1047 1214 philosophia
1106 1151 1379 1197 naturali
1438 1170 1584 1217 pura
1639 1162 1694 1204 et

198 1230 602 1296 impermista,
635 1229 887 1277 meliora
925 1229 1219 1293 speranda
1255 1238 1407 1279 sunt.

849 1363 1056 1412 XCVII.

299 1454 478 1505 'Nemo
516 1454 704 1503 adhue
740 1460 867 1502 tanta
899 1456 1062 1503 mentis
1099 1458 1352 1504 constantia
1379 1463 1424 1506 et
1445 1459 1595 1523 rigore
1621 1461 1697 1510 in-

200 1542 360 1585 ventus
394 1546 480 1597 est,
518 1540 567 1582 ut
596 1535 847 1583 decreverit
877 1541 922 1583 et
962 1536 1049 1582 sihi
1085 1537 1379 1600 imposuerit,
1418 1539 1617 1588 theorias
1651 1549 1696 1590 et

201 1617 410 1665 notiones
433 1632 690 1663 communes
711 1616 890 1680 penitus
913 1617 1095 1664 abolere
1119 1622 1164 1664 et
1180 1617 1459 1665 intellectum
1486 1621 1694 1669 abrasum

203 1703 249 1745 et
270 1712 458 1760 aequum
483 1695 536 1742 ad
557 1696 855 1759 particularia
890 1695 944 1743 de
969 1696 1147 1760 integro
1169 1697 1418 1761 applicare.
1489 1699 1577 1748 Ita
1594 1719 1696 1766 que

202 1777 318 1823 illa
353 1776 511 1823 ratio
557 1775 798 1823 humana
850 1792 979 1840 quam
1018 1776 1249 1837 habemus,
1287 1794 1343 1824 ex
1369 1779 1511 1827 multa
1538 1781 1625 1830 fide
1652 1790 1697 1831 et

203 1856 344 1904 multo
366 1855 500 1904 etiam
520 1871 650 1919 ease,
687 1873 772 1904 nee
791 1873 880 1904 non
901 1873 957 1904 ex
980 1857 1248 1921 puerilibus,
1280 1873 1390 1921 quas
1412 1860 1557 1922 primo
1582 1861 1698 1910 hau-

204 1935 362 1996 simus,
396 1935 686 1997 notionibus,
734 1936 977 2000 farrago
1022 1937 1302 2001 quaedam
1350 1944 1437 1986 est
1474 1946 1528 1987 et
1565 1957 1697 1990 con-

203 2015 420 2080 gerieS.

310 2093 444 2155 Quod
470 2094 509 2142 si
546 2095 644 2159 quis
682 2102 872 2144 aetate
907 2103 1156 2158 matura,
1204 2103 1259 2145 et
1304 2099 1568 2147 sensibus
1611 2101 1698 2149 in-

206 2174 425 2239 tegris,
472 2180 526 2222 et
572 2182 759 2224 mente
804 2183 1148 2241 repurgata,
1197 2193 1245 2224 se
1284 2176 1339 2223 ad
1369 2179 1698 2242 experientiam

209 2259 255 2303 et
287 2254 343 2301 ad
377 2255 674 2318 particularia
705 2255 760 2302 de
793 2256 970 2319 integro
1000 2257 1226 2321 applicet,
1268 2256 1333 2304 de
1379 2274 1442 2305 eo
1490 2260 1699 2309 melius

212 2333 569 2397 sperandum
605 2341 711 2382 est.

312 2412 465 2477 Atque
495 2412 580 2460 hae
618 2413 664 2460 in
698 2420 828 2478 parte
862 2414 992 2462 nobis
1024 2414 1295 2480 spondemus
1326 2416 1551 2466 fortunam
1581 2421 1699 2470 Ale-

212 2494 415 2543 xandri
437 2493 642 2554 Magni,
680 2510 824 2557 neque
857 2495 956 2558 quis
986 2512 1067 2542 nos
1100 2496 1311 2543 vanitatis
1343 2504 1529 2561 arguat,
1567 2506 1700 2549 ante-

213 2589 344 2638 quam
369 2573 539 2621 exitum
568 2573 636 2621 rei
666 2573 836 2635 audiat,
874 2591 987 2639 quae
1024 2574 1079 2622 ad
1101 2575 1351 2624 exuendam
1374 2595 1547 2626 omnem
1571 2583 1702 2628 vani-

212 2657 349 2701 tatem
400 2658 592 2717 spectat.
669 2652 851 2723 Etenim
899 2657 961 2704 de
991 2655 1297 2706 Alexandro
1342 2662 1387 2705 et
1428 2657 1528 2723 ejus
1566 2661 1700 2708 rebus

213 2733 355 2797 gestis
394 2732 671 2783 Aeschines
705 2733 770 2780 ita
799 2735 1010 2799 loquutus
1060 2743 1152 2784 estz
1203 2737 1315 2786 Nos
1348 2746 1493 2787 certe
1535 2740 1699 2789 vitam

213 2813 494 2863 mortalem
513 2831 617 2862 non
647 2814 889 2872 viz-imum
924 2817 1017 2865 sed
1047 2817 1102 2865 in
1125 2816 1222 2866 hoc·
1245 2818 1597 2877 nat-asumun-
1636 2829 1700 2870 ut

210 2894 504 2958 posteritas
547 2896 608 2944 de
637 2896 780 2945 nobis
807 2904 1065 2962 portenta
1092 2906 1282 2946 narret
1304 2905 1358 2945 et
1384 2899 1696 2962 praedii-et,-

220 2972 408 3035 perinde
445 2991 497 3022 ac
531 2975 570 3023 si
606 2976 904 3027 Alexandri
935 2993 1007 3024 res
1043 2981 1192 3039 gestas
1224 2993 1306 3041 pro
1351 2977 1570 3026 miraculo
1616 2980 1700 3030 ha-
