1947 3456
272 315 370 365 158
723 321 962 363 INDEX
1010 321 1270 363 RERUM.

1623 437 1750 472 Pagina

274 487 398 522 Tres
427 484 771 521 doctrinarum
804 487 1162 523 revolutiones
1225 511 1622 523 .......
1699 487 1749 523 83

275 534 1112 573 Tresmentishumanaelabores
1163 560 1625 572 ........
1703 538 1750 573 19

276 586 395 621 Tria
423 595 609 632 genera
638 584 1113 635 philosophantium
1169 609 1562 623 .......
1614 583 1678 621 64.
1702 586 1752 621 65

276 635 458 671 Tribus
487 634 557 669 vid.
588 633 729 670 Idola
757 636 916 671 tribus
968 661 1356 672 .......
1409 637 1469 672 51.
1496 637 1557 671 52.
1583 636 1752 671 53-58

276 685 456 720 Tribus
482 683 729 720 doctrinis
766 685 1053 721 absolvitur
1090 695 1421 734 quaecunque
1458 683 1627 720 minis-

450 733 630 779 tratio,
660 733 734 770 bis
763 735 921 770 tertia
974 759 1498 771 .........
1574 733 1753 770 24-32

277 783 467 820 Tribus
509 782 996 820 ministrationibus
1046 782 1347 832 perficitur
1388 793 1507 832 pars
1554 781 1630 818 in-

451 832 681 868 formans
728 857 1626 871 ...............
1703 828 1754 868 24

279 882 476 919 Tribus
524 882 1004 930 redargutionibus
1049 881 1340 933 perficitur
1384 893 1501 932 pars
1551 880 1632 917 de-

452 938 657 968 struens
717 957 1562 971 ..............
1595 934 1656 969 20.
1685 931 1757 967 118

284 981 498 1030 Triplex
530 981 763 1018 doctrina
791 983 954 1019 activa
986 1006 1633 1020 ...........
1708 981 1756 1017 31

283 1031 502 1079 Triplex
532 1043 645 1079 pars
673 1031 943 1067 destruens
981 1056 1631 1069 ...........
1711 1031 1758 1066 19

281 1081 451 1117 Turba
489 1081 638 1128 longe
680 1082 885 1116 maxima
926 1081 1190 1117 meritoria
1227 1089 1273 1117 et
1310 1079 1634 1130 professoria
1709 1081 1759 1116 86

283 1129 542 1166 Turbidus
573 1131 711 1165 homo
743 1137 789 1166 et
819 1143 980 1167 rerum
1012 1142 1250 1167 novarum
1280 1130 1520 1180 cupidus,
1551 1130 1633 1178 quis

454 1179 631 1216 continuo
659 1180 858 1229 corripitur
916 1204 1632 1218 ............
1686 1181 1758 1216 100

285 1354 451 1399 Unica
480 1364 618 1400 salus
644 1370 690 1401 et
715 1364 906 1400 sanitas
930 1363 987 1399 ad
1016 1365 1282 1400 veritatem
1311 1362 1640 1413 aperiendam
1717 1365 1764 1400 12

285 1417 617 1456 Universalis
647 1417 812 1464 logica
842 1423 1021 1453 nostra
1053 1429 1120 1465 per
1147 1416 1405 1453 inductionem
1435 1417 1640 1466 legitimam

460 1466 631 1516 procedit
668 1492 1448 1504 .............
1516 1470 1600 1504 131.
1632 1468 1691 1503 18.
1714 1468 1764 1504 28

287 1517 436 1555 Usum
472 1515 842 1565 philosophiae
890 1515 1242 1565 amplectimur
1290 1516 1447 1566 ejusque
1501 1516 1640 1553 cultum

463 1574 577 1615 atque
603 1566 766 1602 honores
789 1591 1643 1605 ..............
1654 1582 1659 1586 ‘
1694 1566 1769 1601 132

290 1616 418 1653 Usus
447 1616 880 1664 anticipationum
909 1622 955 1652 et
983 1615 1305 1652 dialecticae
1379 1641 1642 1653 .....
1718 1615 1769 1651 49

288 1666 419 1703 Usus
446 1678 467 1702 a
481 1679 503 1701 x
519 1666 528 1700 i
545 1678 565 1700 0
581 1679 614 1701 m
630 1673 759 1702 atum
784 1666 831 1702 ad
845 1666 916 1702 alia
928 1666 1121 1702 axiomata
1142 1664 1367 1715 inquirenda
1390 1671 1427 1702 et
1440 1664 1643 1702 excitanda
1719 1666 1769 1701 29

291 1716 428 1753 Uvae
457 1724 502 1753 et
530 1714 710 1753 Olivae
792 1740 1644 1754 ..............
1718 1716 1769 1752 79

290 1910 438 1970 Vaga
468 1921 744 1970 inquisitio
804 1945 1645 1959 ..............
1719 1921 1770 1958 71

294 1977 448 2012 Varia
484 1976 712 2023 dogmata
757 2000 1653 2014 ..............
1721 1977 1773 2014 64

294 2026 530 2062 Variatio
561 2024 918 2074 inquisitionis
950 2049 1646 2064 ............
1723 2029 1773 2065 29

294 2077 425 2112 Vera
453 2074 715 2123 signacula
746 2072 1000 2109 creatoris
1027 2085 1180 2121 super
1207 2081 1472 2112 creaturas
1509 2102 1519 2112 .
1572 2101 1583 2112 .
1635 2101 1648 2112 .
1701 2077 1774 2114 129

295 2126 428 2161 Vera
456 2125 530 2160 via
561 2131 607 2160 et
635 2130 774 2160 recta
802 2123 1448 2173 naturaminterpretandi
1507 2150 1520 2163 .
1571 2150 1582 2160 .
1633 2125 1698 2162 47.
1723 2128 1773 2163 71

297 2176 460 2211 Verba
487 2175 741 2210 notionum
770 2180 1000 2209 tesserae
1067 2197 1648 2213 ..........
1725 2175 1776 2213 45

299 2225 574 2260 Verborum
603 2223 735 2259 idola
769 2235 821 2259 SV.
850 2221 922 2257 sori
1013 2247 1528 2262 .........
1556 2225 1616 2261 51.
1641 2225 1700 2261 52.
1727 2226 1777 2262 60

299 2275 581 2311 Verborum
611 2272 884 2322 pravitatis
910 2271 1092 2320 gradus
1129 2298 1652 2311 .........
1727 2277 1778 2312 62

299 2323 562 2361 VERBUM
592 2323 693 2359 DE!
722 2321 927 2358 certissima
954 2322 1227 2370 superstitionis
1255 2322 1444 2359 medicina
1510 2347 1521 2359 .
1573 2348 1588 2359 .
1639 2348 1650 2359 .
1727 2326 1778 2363 99

299 2373 566 2411 VERBUM
595 2370 871 2409 DlVINUM
907 2371 942 2407 in
980 2384 1104 2407 rerum
1141 2383 1303 2408 massam
1338 2373 1482 2423 absque
1518 2370 1653 2409 ordine

475 2437 549 2459 non
570 2423 615 2459 sit
639 2429 837 2471 operatum
875 2446 1653 2460 .............
1728 2424 1779 2461 88

303 2473 673 2522 Verepliysica
703 2482 890 2520 genera
919 2477 1132 2507 motuum
1194 2497 1653 2510 ........
1727 2475 1779 2511 70

302 2522 784 2559 Veriscientiarum
811 2519 913 2556 filii
936 2546 1653 2560 ............
1732 2524 1779 2559 15

303 2572 509 2608 Veritas
540 2584 561 2608 a
587 2571 728 2607 iumine
761 2577 918 2607 naturae
950 2574 988 2605 et
1012 2570 1274 2618 experientiae
1301 2570 1467 2621 petenda
1520 2598 1529 2607 .
1579 2597 1592 2608 .
1643 2596 1654 2608 .
1730 2573 1780 2609 59

304 2622 514 2658 Veritas
544 2633 564 2657 a
594 2621 759 2656 salsitate
787 2620 895 2656 citius
924 2627 1092 2669 emerget
1119 2631 1233 2669 quam
1260 2632 1282 2657 e
1309 2620 1532 2658 confusione
1587 2647 1596 2657 .
1648 2647 1658 2656 .
1731 2622 1780 2657 26

307 2672 512 2708 Veritas
540 2677 588 2707 et
613 2669 1107 2717 utilitasipsissima
1136 2681 1214 2706 res
1260 2694 1655 2709 .......
1708 2671 1781 2708 129

307 2721 509 2758 Veritas
536 2719 777 2768 temporis
803 2718 1060 2765 silia‚n0n
1091 2720 1395 2757 autoritatis
1457 2747 1466 2756 .
1518 2745 1530 2756 .
1581 2721 1680 2756 .90.
1708 2720 1781 2756 100

307 2771 556 2808 Veritatis
583 2769 920 2819 inquisitores
948 2769 1299 2818 antiquissimi
1384 2793 1653 2808 .....
1730 2771 1780 2806 93

427 2819 619 2870 quomodo
648 2819 903 2867 cognitionem
929 2817 966 2853 in
995 2831 1100 2855 usum
1129 2819 1337 2856 recondere
1373 2818 1592 2855 statuebant
1641 2819 1705 2855 93.
1731 2819 1783 2856 94

310 2870 542 2906 Verulatn
571 2869 619 2906 ad
647 2869 823 2906 utilitates
851 2867 1036 2905 humanas
1064 2874 1172 2905 natus
1203 2893 1658 2907 ........
1757 2870 1784 2906 7

436 2921 483 2956 de
510 2932 550 2956 se
577 2921 659 2968 ipso
691 2943 1472 2956 .............
1533 2921 1570 2957 9.
1597 2920 1682 2956 106.
1712 2917 1785 2955 117

433 2970 522 3018 quid
553 2970 621 3005 sibi
652 2967 788 3005 sufficit
824 2993 1660 3006 ..............
1739 2969 1787 3003 10
