1947 3456
264 277 362 323 120
784 274 1216 318 VERULAMII

261 397 442 445 dubium
465 400 550 457 est,
582 396 688 461 quin
711 396 850 443 multa
869 394 1141 459 hujusmodi,
1178 399 1223 442 et
1248 398 1397 441 vetera
1417 393 1650 454 revocari,
1695 398 1740 441 et

260 491 376 523 nova
405 475 629 523 introduci
659 476 856 540 possint3
903 473 1267 539 quemadmodum
1297 478 1342 521 et
1372 473 1604 536 complura
1636 471 1739 519 the-

259 562 378 603 mata
408 556 526 604 coeli
562 556 754 619 supponi
789 562 1003 619 possunt,
1051 570 1162 618 quae
1193 570 1292 600 cum
1323 552 1634 617 phaenominis
1670 557 1740 599 sat

260 637 373 684 bene
403 635 688 695 conveniunt,
725 635 844 682 inter
867 651 915 681 se
945 640 1092 681 tamen
1125 632 1410 680 dissentiunt.

354 716 420 762 At
434 730 534 774 nos,
557 713 611 761 de
632 713 886 779 hujusmodi
909 714 1042 761 rebus
1064 712 1364 774 opinabilibus
1379 716 1424 759 et
1448 711 1582 759 simul
1603 708 1741 756 inuti-

261 795 379 841 libus
394 829 410 855 ,
458 811 545 841 non
585 794 858 841 laboramus.
938 792 1003 839 At
1043 796 1227 850 contra,
1284 791 1413 838 nobis
1450 791 1742 839 constitutum

264 881 349 935 est,
387 874 612 938 experiri,
644 890 699 920 an
722 890 771 920 re
794 888 912 931 vera,
932 871 1160 935 potentiae
1184 876 1227 917 et
1253 870 1562 935 amplitudinis
1586 869 1759 915 huma-.

263 970 346 1001 nac
373 953 571 1001 firmiora
592 953 877 1000 fundamenta
897 951 1077 1015 jacere,
1106 966 1159 997 ac
1179 950 1289 997 fines
1315 951 1361 996 in
1380 951 1516 997 latius
1538 947 1742 1013 proferre

261 1033 502 1097 possimus.
571 1033 722 1097 Atque
760 1032 869 1078 licet
899 1030 1087 1093 sparsim
1118 1035 1162 1076 et
1193 1030 1240 1076 in
1270 1030 1493 1093 aliquibus
1525 1026 1742 1090 subjectis

263 1113 535 1177 specialibus
551 1147 565 1172 ,
603 1113 736 1173 longe
761 1111 936 1157 veriora
956 1109 1168 1155 habemus
1193 1114 1237 1155 et
1261 1109 1456 1156 certiora
1477 1114 1525 1155 ut
1544 1109 1743 1155 arbitra-

262 1209 377 1251 mur,
416 1199 548 1254 atque
573 1191 706 1237 etiam
730 1189 871 1252 magis
902 1188 1156 1248 fructuosa,
1191 1176 1320 1251 quam
1354 1188 1513 1251 quibus
1539 1187 1742 1234 homines

264 1271 409 1318 adhue
437 1276 638 1329 utuntur,
669 1271 831 1333 [quae
862 1268 917 1313 in
953 1280 1244 1321 QUINTAM
1280 1278 1742 1317 1NSTAURAT10-

262 1363 366 1400 NIS
417 1360 716 1400 NOSTRAE
778 1361 1038 1398 PARTEM
1094 1347 1530 1410 congessimus]
1589 1352 1739 1393 tamen

262 1429 481 1476 theoriam
526 1429 694 1474 nullam
730 1428 1027 1474 universalem
1069 1432 1146 1475 aut
1181 1427 1400 1489 integram
1434 1425 1740 1490 proponimus.

262 1507 422 1572 Neque
448 1508 565 1556 enim
589 1507 694 1554 huic
716 1508 782 1554 rei
803 1513 978 1571 tempus
1000 1506 1145 1554 adbuc
1165 1504 1322 1552 adesse
1345 1503 1536 1552 videtur.

372 1587 491 1647 Quin
519 1604 602 1633 nec
624 1603 748 1650 spem
769 1585 982 1633 hahemus
1020 1586 1135 1632 vitae
1160 1583 1490 1648 producendae,
1522 1582 1577 1630 ad
1600 1596 1743 1634 SEX-

261 1681 388 1716 TAM
425 1678 978 1716 ιΝεΤΑυΒΑΤιοΝιε
1023 1677 1276 1714 PARTEM
1320 1664 1499 1727 [quae,
1547 1662 1744 1727 philo-

261 1745 516 1810 sophiae
558 1762 658 1810 per
698 1746 1028 1809 legitimam
1074 1750 1322 1790 naturae
1368 1742 1744 1805 interpreta-

260 1826 341 1872 tio
357 1843 382 1872 n
399 1843 423 1872 e
438 1843 477 1871 m
514 1825 803 1884 inventae,
844 1823 1033 1872 destin
1048 1828 1140 1870 ata
1172 1823 1275 1883 est]
1301 1820 1642 1879 absolvendam3
1664 1820 1743 1868 sed

260 1905 368 1952 satis
390 1905 618 1965 habemus,
645 1905 685 1952 si
707 1905 753 1951 in
775 1903 973 1951 mediis
998 1903 1146 1949 sobrie
1166 1908 1210 1950 et
1232 1902 1401 1949 utiliter
1420 1917 1501 1948 nos
1518 1916 1743 1963 geramus,

261 1990 392 2047 atquc
413 1984 589 2030 interim
621 1984 835 2031 semina
874 1982 1145 2030 veritatis
1182 1981 1442 2030 sincerioris
1467 1981 1514 2027 in
1537 1985 1742 2044 posteros

261 2079 540 2127 spargamus,
570 2068 701 2127 atque
724 2062 915 2110 initiis
950 2078 1094 2108 rerum
1132 2077 1391 2124 magnarum
1411 2076 1510 2119 ,non
1531 2058 1743 2107 desimus.

898 2194 1102 2244 CXVII.

360 2288 512 2352 Atque
543 2286 997 2350 quemadmodum
1027 2291 1228 2334 sectae
1261 2283 1599 2333 conditores
1632 2300 1741 2331 non

260 2383 478 2425 sumus3
514 2366 598 2413 ita
637 2383 742 2413 nec
778 2384 1011 2431 operum
1059 2364 1513 2431 particularium
1558 2363 1740 2426 largi-

260 2453 416 2494 tores
450 2450 546 2492 aut
582 2445 996 2509 promissores.
1066 2447 1279 2493 Attamen
1304 2443 1446 2508 possit
1471 2443 1633 2507 aliquis
1655 2443 1741 2490 hoc

259 2524 389 2573 modo
414 2540 668 2584 occurrere,
705 2541 791 2588 quo
826 2543 926 2586 nos,
965 2526 1039 2590 qui
1063 2531 1151 2572 tam
1176 2541 1310 2589 saepe
1340 2541 1522 2588 operum
1547 2523 1742 2570 mentio-

258 2621 358 2653 nem
395 2602 609 2650 faciamus
643 2608 687 2650 et
718 2605 866 2651 omnia
897 2623 950 2653 eo
980 2605 1236 2664 trahamus,
1275 2603 1408 2650 etiam
1439 2619 1621 2667 operum
1651 2601 1741 2648 ali-

259 2699 445 2750 quorum
470 2682 660 2746 pignora
684 2683 990 2731 exhibeamus.

357 2755 526 2809 Verum
566 2759 658 2806 via
695 2769 898 2811 nostra
935 2768 989 2813 et
1026 2763 1213 2823 ratio,
1250 2766 1298 2808 ut
1332 2776 1467 2825 saepe
1503 2758 1741 2823 perspicue

259 2836 452 2886 diximus
480 2843 525 2886 et
555 2838 700 2887 adhuc
728 2839 877 2887 dicere
901 2835 1047 2903 juvat,
1082 2858 1146 2890 ea
1183 2846 1296 2901 est,
1329 2844 1386 2886 ut
1418 2855 1524 2886 non
1561 2854 1742 2902 opera

257 2918 634 2982 exoperibus
671 2918 794 2967 sive
831 2921 1240 2984 experimenta
1273 2932 1338 2966 ex
1377 2917 1741 2982 experimen-
