2031 3490
572 278 834 324 NOVUM
870 276 1247 323 ORGANUM.
1552 273 1649 318 117

162 418 344 467 parvam
367 401 414 449 in
447 400 730 466 experientia
749 414 917 446 moram
948 397 1152 444 fecerunt
1174 401 1219 444 et
1244 412 1341 444 eam
1360 395 1521 443 leviter
1540 413 1649 459 per-

164 482 470 542 strinxerunt,
518 481 596 528 sed
632 481 678 526 in
717 477 1082 525 meditationibus
1123 482 1168 524 et
1201 474 1650 524 commentationibus

164 561 354 624 ingenii,
389 560 610 608 infinitum
644 564 818 622 tempus
850 556 1174 605 contriverunt.
1244 555 1382 620 Apud
1411 571 1494 602 nos
1524 570 1647 602 vero,

166 641 212 687 si
261 645 420 688 esset
466 644 707 704 praesto
756 637 1069 702 quispiam,
1107 635 1268 700 quide
1303 636 1423 682 facto
1458 639 1646 681 naturae

164 719 219 766 ad
241 720 520 783 interrogata
551 718 871 783 responderet,
909 732 1152 781 paucorum
1185 731 1401 763 annorum
1429 720 1548 762 esset
1569 713 1644 760 in-

164 798 313 847 ventio
334 815 569 847 causarum
596 805 641 847 et
663 797 950 846 scientiarum
974 794 1187 843 omnium.

804 930 987 980 CXIII.

261 1022 452 1071 Etiam
487 1022 762 1071 nonnihil
787 1021 1116 1069 hominibus
1140 1020 1263 1086 spei
1292 1019 1435 1067 fieri
1472 1033 1643 1083 posse

160 1109 427 1168 putamus
464 1104 528 1151 ab
577 1102 842 1166 exemplo
892 1107 1090 1148 nostro
1136 1100 1404 1165 proprio3
1459 1113 1642 1161 neque

158 1183 486 1247 Jactantiae
524 1199 702 1231 causa
734 1182 837 1229 boc
874 1181 1142 1242 dicimus,
1181 1180 1275 1228 sed
1314 1178 1460 1244 quod
1492 1177 1641 1224 utile

159 1263 320 1311 dictu
351 1264 444 1311 sit.

260 1341 328 1391 Si
382 1342 479 1406 qui
529 1340 843 1401 diffidant,
901 1357 979 1388 me
1029 1338 1296 1398 videant,
1355 1338 1639 1386 hominem

159 1423 320 1470 inter
354 1421 619 1468 homines
658 1421 879 1467 aetatis
914 1436 1097 1480 meae,
1149 1418 1433 1466 civilibus
1469 1433 1640 1480 nego-

158 1502 262 1549 tiis
321 1502 870 1566 occupatissimum,
933 1516 1036 1547 nec
1101 1499 1273 1545 firma
1337 1497 1636 1545 admodum

157 1580 511 1643 valetudine,
549 1581 696 1646 quod
728 1596 983 1643 magnum
1013 1578 1188 1626 habet
1219 1577 1505 1641 temporis
1531 1576 1640 1623 dis-

156 1660 449 1725 pendium,
489 1668 657 1725 atque
693 1660 748 1707 in
798 1660 902 1706 bac
946 1676 1003 1706 re
1050 1659 1223 1722 plane
1263 1656 1640 1722 protopirum

157 1746 212 1788 et
270 1740 526 1804 vestigia
576 1740 805 1786 nullius
859 1746 1187 1803 sequutum,
1256 1753 1437 1800 neque
1495 1735 1639 1783 haec

158 1820 286 1884 ipsa
322 1835 440 1867 cum
480 1820 599 1867 ullo
628 1819 954 1867 mortalium
992 1816 1539 1875 communicantem3
1587 1821 1641 1863 et

156 1906 342 1947 tamen
400 1916 592 1947 veram
638 1899 783 1946 viam
841 1902 1195 1946 constanter
1248 1897 1635 1959 ingresssum,

153 1985 208 2028 et
250 1992 568 2029 INGENIUM
620 1993 820 2030 REBUs
884 1989 1424 2037 SUBMlTTEN'rEM,
1493 1975 1636 2023 haec

154 2061 282 2124 ipsa
318 2060 714 2123 aliquatenus,
740 2065 798 2107 ut
829 2059 1250 2116 existimamus,
1276 2057 1636 2121 provexisse.

251 2149 327 2198 Et
374 2150 658 2214 deinceps
707 2149 970 2210 videant,
1020 2148 1155 2213 quid
1207 2149 1271 2194 ab
1305 2148 1634 2195 hominibus

154 2230 273 2277 otio
311 2229 770 2289 abundantibus,
808 2235 976 2293 atque
1007 2245 1033 2274 a
1069 2228 1389 2275 laboribus
1426 2244 1636 2275 conso-

157 2309 354 2368 ciatis,
392 2314 562 2373 atque
600 2326 626 2356 a
658 2315 968 2372 temporum
1007 2306 1635 2369 successione,POST

155 2386 366 2435 HAEC
419 2386 732 2435 INDICIA
795 2386 1125 2435 NOSTRA
1180 2388 1634 2451 exspectandum

155 2467 258 2526 sit3
295 2467 558 2531 praesertim
596 2468 652 2514 in
692 2468 808 2528 via,
854 2483 966 2531 quae
994 2483 1105 2514 non
1143 2466 1334 2530 singulis
1358 2467 1637 2515 solummodo

153 2546 356 2611 pervia
393 2552 461 2593 est
507 2548 585 2608 [nt
621 2547 693 2594 fit
738 2547 795 2593 in
830 2547 916 2593 via
951 2547 1064 2593 illa
1099 2547 1406 2609 rationali]
1458 2547 1535 2595 sed
1562 2547 1639 2595 ubi

155 2626 382 2673 hominum
401 2626 581 2674 labores
606 2632 651 2674 et
675 2643 859 2691 operae,
895 2627 1161 2692 praesertim
1189 2632 1399 2692 quantum
1420 2627 1475 2674 ad
1496 2644 1640 2693 expe-

155 2706 345 2754 rientiae
377 2706 642 2766 collectam,
688 2707 856 2770 optime
895 2707 1105 2754 distribui
1140 2712 1185 2754 et
1235 2706 1395 2755 deinde
1430 2706 1637 2771 componi

157 2785 347 2849 possint.

258 2862 379 2910 Tum
411 2864 527 2911 enim
558 2864 762 2912 homines
794 2864 913 2912 vires
939 2879 1043 2911 suas
1079 2881 1211 2912 nosse
1247 2864 1494 2927 incipient,
1538 2879 1638 2910 cum

159 2957 265 2989 non
302 2942 495 2991 eadem
530 2944 795 3006 infiniti,
831 2942 926 2992 sed
965 2943 1083 2989 alia
1120 2943 1229 2989 alii
1268 2943 1575 3007 praestabunt.
