1947 3456
294 280 358 328 50
802 275 1234 320 VERULAMII

287 402 427 469 post]
467 400 589 447 nullo
622 398 751 446 modo
781 403 987 446 constare
1022 397 1193 460 possit,
1232 395 1336 460 quia
1357 394 1460 442 inde
1483 401 1757 459 sequeretur,

292 480 408 545 quod
432 479 491 526 sit
514 495 647 526 unum
668 477 889 524 infinitum
910 476 998 523 alio
1018 475 1192 521 infinito
1215 475 1358 539 majus
1373 509 1387 534 ,
1425 479 1556 537 atque
1578 480 1627 521 ut
1647 491 1759 522 con-

291 565 489 607 sumatur
516 557 736 603 infinitum
760 561 804 604 et
824 559 977 618 vergat
997 554 1053 600 ad
1074 554 1263 601 finitum.
1334 552 1510 601 Similis
1530 558 1597 600 est
1632 555 1759 601 sub-

291 639 490 685 tilitas
528 636 590 683 de
625 635 809 682 lineis
846 650 1065 697 semper
1101 633 1475 693 divisilibus,
1523 648 1578 679 ex
1610 632 1758 697 impo-

287 717 427 764 tentia
455 714 755 778 cogitationis.

389 811 465 856 At
514 810 722 873 majore
772 825 887 856 cum
934 807 1196 872 pernicie
1245 807 1571 855 intervenit
1619 806 1758 854 haee

289 890 680 954 impotentia
716 888 949 936 mentis
986 888 1043 933 in
1069 887 1413 933 inventione
1443 901 1756 933 causarum.

289 967 404 1014 Nam
430 968 743 1015 cummaxime
779 965 1141 1013 universalia
1176 965 1232 1011 in
1263 971 1469 1011 natura
1502 965 1759 1028 positiva

288 1064 386 1095 esse
413 1047 619 1108 debeant,
651 1045 1118 1111 quemadmodum
1147 1043 1543 1104 inveniuntur,
1579 1061 1758 1108 neque

282 1132 391 1173 'sunt
421 1142 468 1172 re
505 1142 610 1172 vera
653 1123 1011 1183 causabilia,
1047 1129 1236 1170 tamen
1271 1122 1624 1174 intellectus
1662 1123 1758 1169 hu-

289 1220 477 1251 manus
516 1204 749 1251 nescius
786 1202 1143 1266 acquiscere
1177 1201 1281 1247 adh
1301 1217 1365 1247 uc
1401 1202 1628 1264 appetit
1662 1219 1759 1249 no-

287 1284 457 1330 tiora.
529 1283 649 1328 Tum
672 1298 803 1341 vero,
845 1280 898 1326 ad
923 1281 1138 1328 ulteriora
1163 1276 1365 1340 tendens,
1402 1282 1457 1326 ad
1483 1280 1759 1344 proximiora

288 1362 473 1422 recidit,
519 1361 727 1408 videlicet
757 1359 811 1406 ad
845 1376 1002 1406 causas
1038 1359 1222 1419 finales',
1261 1375 1371 1422 quae
1399 1366 1502 1407 sunt
1531 1360 1665 1423 plane
1702 1377 1759 1408 ex

288 1447 446 1487 natura
473 1439 664 1486 hominis
688 1438 836 1502 potius
877 1454 1007 1501 quam
1039 1437 1251 1483 universi.

391 1536 541 1598 Atque
565 1551 621 1581 ex
645 1533 731 1580 hoc
750 1533 872 1580 sonte
891 1531 1221 1596 philosophiam
1242 1533 1368 1579 miris
1388 1532 1528 1580 modis
1543 1548 1760 1597 corrupe-

287 1620 407 1661 runt.
488 1611 592 1659 Est
643 1617 824 1659 autem
883 1627 1057 1673 aeque
1112 1611 1372 1674 imperiti
1431 1617 1487 1658 et
1539 1612 1759 1660 leviter

287 1691 792 1756 philosophantis,
826 1691 880 1736 in
908 1689 1148 1737 maxime
1176 1691 1624 1737 universalibus
1648 1708 1759 1738 cau-

287 1788 402 1818 sam
450 1770 775 1832 requirere,
820 1786 883 1816 ac
929 1769 983 1814 iu
1020 1769 1434 1816 subordinatis
1471 1775 1527 1818 et
1565 1771 1760 1817 subal-

289 1850 482 1896 ternis
517 1865 741 1895 eausam
779 1864 892 1894 non
925 1847 1289 1896 desiderare.

925 1960 1114 2039 XLIX.

393 2098 789 2146 Intellectus
821 2098 1132 2146 humanus
1179 2098 1359 2145 luminis
1405 2100 1516 2146 sicci
1551 2116 1640 2146 non
1675 2106 1760 2161 est,

288 2177 365 2225 sed
388 2177 548 2240 recipit
577 2177 841 2224 infusionem
867 2193 892 2222 a
918 2176 1143 2223 voluntate
1176 2182 1220 2223 et
1254 2177 1514 2239 affectibus,
1544 2178 1608 2239 id,
1645 2179 1762 2242 quod

287 2260 471 2319 generat
492 2257 564 2304 ad
585 2255 722 2320 quod
742 2255 855 2303 vult
875 2255 1151 2312 scientiam·
1197 2255 1312 2319 quod
1325 2256 1441 2303 enim
1454 2258 1618 2304 mavult
1631 2257 1760 2305 homo

291 2351 440 2381 verum
460 2351 586 2395 esse,
622 2335 667 2381 id
699 2335 847 2397 potius
876 2334 1033 2382 credit.

386 2429 494 2492 Rej
511 2430 622 2476 icit
659 2430 807 2492 itaque
851 2429 1175 2490 difficilia,
1223 2432 1278 2478 ob
1319 2431 1574 2496 inquirendi
1614 2431 1762 2496 impa-

286 2507 514 2565 tientiam3
558 2509 788 2568 sobria,
827 2509 929 2571 quia
961 2514 1193 2556 coarctant
1221 2527 1368 2574 spem3
1407 2511 1630 2558 altiora
1665 2525 1761 2557 na·-

287 2591 469 2645 turae,
508 2592 690 2648 propter
709 2587 1094 2650 superstitionem3
1131 2588 1320 2636 lumen
1358 2589 1760 2653 experientiae

290 2670 475 2728 propter
509 2666 807 2726 arrogantiam
844 2672 887 2712 et
917 2665 1078 2713 fastum
1092 2701 1108 2727 ,
1145 2684 1200 2715 ne
1223 2668 1424 2716 videatur
1446 2684 1569 2716 mens
1591 2666 1761 2714 versari

291 2744 335 2788 in
362 2743 522 2789 vilibus
538 2749 580 2790 et
604 2743 763 2802 ssuxis3
800 2745 1113 2807 paradoxa,
1136 2753 1320 2811 propter
1344 2748 1596 2811 opinionem
1611 2747 1761 2809 vulgi3

290 2822 478 2884 denique
512 2821 754 2869 innumeris
794 2822 961 2882 modis,
1001 2825 1144 2887 iisque
1171 2825 1389 2872 interdum
1424 2825 1763 2889 imperceptibi-

290 2900 432 2957 lihus,
467 2902 651 2947 affectus
673 2901 947 2948 intellectum
973 2903 1129 2949 imbuit
1159 2910 1202 2950 et
1234 2903 1390 2951 inficit.
