1947 3456
257 263 323 308 44
822 263 858 303 V
876 260 1014 304 Eat»
1033 263 1068 302 1„
1085 262 1119 302 A
1139 252 1251 303 Mn

950 380 1034 428 IV.

360 475 443 523 Ad
481 487 653 537 opera
686 472 749 517 nil
784 470 904 517 aliud
933 476 1081 534 potest
1111 470 1269 528 homo,
1307 484 1434 531 quam
1464 473 1510 513 ut
1540 483 1728 530 corpora

259 554 483 603 naturalia
523 551 828 598 admoveat
874 555 919 596 et
964 554 1246 606 amoveat;
1305 547 1480 610 reliqua
1526 550 1732 592 natura

261 637 420 681 intus
457 629 757 692 transigit.

968 736 1027 783 V.

362 834 577 882 Solent
626 849 682 878 se
712 830 1038 876 immiscere
1076 831 1208 873 natu
1223 842 1347 886 rae,
1395 827 1539 890 quoad
1575 842 1730 890 opera,

261 911 564 972 mechanicus,
586 908 940 968 mathematicus,
963 905 1179 966 medicus,
1201 905 1462 968 alchymista
1485 910 1529 953 et
1553 921 1732 968 magusg

262 992 339 1041 sed
381 1007 560 1050 omnes,
606 995 654 1036 ut
695 1004 813 1035 nune
856 992 958 1034 suut
1002 1002 1101 1045 res,
1151 990 1312 1032 conatu
1355 985 1471 1045 levi,
1524 1001 1732 1032 successu

264 1071 400 1118 tenui.

957 1175 1041 1222 vl.

371 1271 635 1317 insanum
668 1267 927 1331 quiddam
965 1271 1083 1313 esset
1107 1271 1150 1312 et
1171 1265 1216 1310 in·
1244 1281 1291 1311 se
1317 1262 1607 1325 eontrarium,
1633 1264 1736 1311 exi-

264 1351 464 1409 stimare,
500 1365 570 1408 ea,
609 1363 722 1411 quae
748 1346 893 1393 adhue
913 1340 1134 1408 nunquam
1162 1344 1282 1390 faeta
1309 1350 1427 1404 sunt,
1464 1342 1561 1390 fieri
1586 1360 1735 1407 posse,

266 1429 352 1477 nisi
375 1445 455 1492 per
481 1426 634 1475 modos
659 1425 803 1471 adhue
828 1440 1050 1486 nunquam
1075 1429 1286 1470 tentatos.

946 1545 1053 1593 Vll.

369 1640 802 1688 Generationes
827 1638 1031 1685 mentis
1060 1642 1114 1683 et
1151 1652 1344 1681 manus
1368 1650 1630 1683 numerosae
1659 1636 1737 1683 ad-

269 1718 443 1766 modum
478 1717 684 1765 videntur
720 1717 775 1763 in
807 1717 981 1764 libris
1018 1722 1073 1763 et
1118 1713 1410 1778 opificiis,
1470 1712 1564 1761 Sed
1594 1716 1737 1762 omnis

269 1800 355 1845 ista
378 1796 588 1856 varietas,
611 1796 697 1843 sita
721 1797 848 1842 estin
869 1795 1117 1843 subtilitate
1142 1793 1307 1841 eximia
1329 1799 1372 1839 et
1389 1791 1737 1842 derivationibus

269 1892 508 1941 paucarum
544 1892 688 1923 rerum
717 1891 828 1938 quae
856 1876 1162 1932 innotuerunt,
1200 1889 1287 1920 nou
1315 1872 1361 1918 iu
1386 1889 1568 1920 numero
1603 1873 1736 1920 axio-

271 1963 448 2003 matum.

939 2053 1073 2099 vm.

373 2144 522 2192 Etiam
562 2162 698 2208 oper
712 2162 764 2204 a,
806 2161 916 2207 quae
943 2145 1034 2207 jam
1060 2144 1240 2191 inventa
1277 2148 1404 2203 sunt,
1453 2143 1613 2190 casui
1647 2143 1739 2191 de-

271 2227 482 2273 bentur
537 2229 590 2270 et
646 2223 1086 2287 experientiae,
1144 2221 1286 2285 magis
1329 2237 1456 2285 quam
1509 2222 1738 2282 scientiis;

272 2303 487 2352 scientiae
509 2302 643 2362 enim,
682 2319 791 2366 quas
814 2318 931 2349 nunc
953 2302 1184 2363 habemus,
1206 2303 1320 2350 nihil
1341 2301 1461 2349 aliud
1487 2306 1591 2349 sunt
1610 2319 1740 2366 quam

274 2381 486 2446 quaedam
526 2382 894 2428 concinnationes
933 2398 1079 2429 rerum
1120 2390 1251 2430 antea
1287 2382 1596 2442 inventarum,
1650 2397 1739 2429 non

274 2461 391 2508 modi
413 2460 666 2507 inveniendi
687 2467 762 2507 aut
794 2459 1125 2523 designationes
1151 2478 1364 2508 novorum
1387 2476 1586 2524 operum.

962 2583 1054 2632 IX.

381 2672 577 2720 Causa
614 2689 715 2720 vero
754 2681 806 2720 et
847 2673 1015 2721 radix
1046 2675 1138 2722 fere
1171 2675 1413 2722 omnium
1462 2673 1740 2719 malorum

277 2756 319 2800 iu
345 2753 544 2801 scientiis
576 2768 629 2800 ea
666 2769 753 2799 una
777 2758 860 2811 est,
898 2753 1031 2816 quod,
1069 2754 1093 2801 d
1110 2771 1135 2801 u
1152 2773 1190 2801 m
1224 2752 1435 2802 mentis
1463 2749 1742 2796 humanae.

279 2835 433 2880 vires
467 2833 616 2879 salso
649 2832 917 2878 miramur
958 2839 1012 2880 et
1051 2833 1409 2891 extollimus,
1448 2846 1579 2877 vera
1616 2829 1742 2891 ejus

280 2913 502 2959 auxilia
548 2928 652 2958 uon
693 2927 1053 2973 quaeramus.

1880 1903 1889 1909 ι

1898 915 1906 924 x

1938 3171 1940 3177 ἡ
1934 1887 1943 3146 ᾑῂῄ-“-“--ῌΜ
1929 0 1941 1878 mmm—ffl—
