1947 3456
311 285 378 332 8ss
841 286 1265 333 VERULAMII

320 404 577 469 dispertitae
603 410 648 453 et
679 406 945 454 constitutae
976 407 1167 467 fuerint,
1204 425 1229 454 a
1269 408 1644 474 philosophia
1688 428 1784 459 na-

320 484 500 531 turali
536 500 642 530 non
685 486 930 548 amplius
975 487 1236 546 aluntur,
1282 503 1392 550 quae
1422 504 1478 534 ex
1511 488 1707 537 fontibus
1739 496 1785 537 et

321 563 438 614 veris
454 562 920 625 contemplationibuS,
944 573 1193 623 motuum,
1215 566 1499 625 radiorum,
1524 583 1782 626 sonorum,

323 650 588 699 texturae,
626 646 669 686 et
695 641 1048 691 schematismi
1063 661 1353 709 corporum,
1391 647 1702 712 affectuum,
1739 652 1783 692 et

313 720 712 786 prehense'omcm
726 720 1172 782 mtellectualium,
1195 738 1330 769 novas
1351 723 1467 770 vires
1489 730 1532 771 et
1549 729 1785 787 augmenta

321 799 414 845 illis
436 798 655 862 impertiri
678 805 900 864 potuerat.

422 887 626 951 Itaque
652 888 878 936 minime
904 890 1100 937 mirum
1129 895 1235 950 est,
1272 890 1319 936 si
1350 890 1644 938 scientiae
1677 906 1785 936 non

323 972 604 1029 crescant,
638 983 806 1015 cuma
833 968 1135 1016 radicibus
1165 970 1285 1016 suis
1322 970 1438 1017 sint
1465 974 1785 1034 separatae.

935 1101 1175 1150 LXXXI.

418 1191 595 1238 Rursus
627 1207 675 1237 se
697 1190 891 1238 ostendit
923 1193 1012 1239 alia
1049 1192 1302 1241 CAUSA
1331 1198 1489 1256 potens
1528 1197 1572 1240 et
1608 1208 1786 1255 magna,

324 1287 426 1317 cur
451 1270 742 1317 scientiae
771 1287 968 1334 parum
1000 1272 1415 1336 promoverint.
1458 1269 1654 1318 Eavero
1675 1271 1787 1318 haec

324 1354 409 1408 est,
431 1348 545 1412 quod
570 1348 668 1395 ficri
687 1366 774 1396 non
800 1351 958 1413 possit,
980 1357 1029 1397 ut
1049 1358 1170 1398 recte
1191 1349 1518 1414 procedaturin
1545 1348 1787 1408 curriculo,

322 1426 398 1472 ubi
423 1427 522 1490 ipsa
551 1432 692 1473 meta
722 1444 825 1474 non
865 1434 1023 1476 recte
1058 1430 1250 1493 posita
1278 1429 1337 1475 sit
1362 1435 1407 1475 et
1427 1427 1591 1474 defixa.
1635 1426 1789 1474 Meta

324 1510 471 1551 autem
511 1504 892 1553 scientiarum
946 1523 1076 1554 vera
1131 1514 1185 1555 et
1227 1507 1517 1570 legitima,
1571 1522 1659 1552 non
1699 1505 1789 1551 alia

325 1588 419 1642 est,
452 1599 580 1647 quam
611 1589 668 1630 ut
699 1583 938 1632 dotetur
974 1586 1096 1632 vita
1127 1586 1365 1632 humana
1395 1585 1563 1632 novis
1599 1584 1789 1631 inven-

323 1662 405 1708 tis
443 1668 497 1708 et
533 1662 738 1725 copiis.
807 1664 871 1710 At
900 1664 1031 1710 turba
1061 1665 1194 1728 longe
1232 1664 1425 1711 maxima
1467 1662 1581 1710 nihil
1615 1678 1671 1709 ex
1703 1662 1790 1709 hoc

324 1740 461 1803 sapit,
498 1739 575 1786 sed
609 1742 837 1788 meritoria
867 1743 999 1806 plane
1033 1749 1102 1790 est
1135 1748 1179 1790 et
1215 1741 1515 1807 professoria,
1554 1740 1643 1787 nisi
1675 1741 1790 1788 forte

327 1817 590 1882 quandoque
618 1820 819 1880 eveniat,
864 1825 913 1867 ut
944 1821 1108 1868 artifex
1137 1821 1298 1885 aliquis
1330 1820 1516 1867 acrioris
1547 1819 1716 1882 ingenii
1747 1826 1792 1867 et

326 1896 499 1960 gloriae
531 1896 747 1960 cupidus,
783 1914 896 1945 novo
929 1899 1066 1946 alicui
1097 1900 1275 1947 invento
1309 1899 1383 1946 det
1419 1914 1627 1963 operam,
1673 1897 1790 1962 quod
1826 1895 1831 1902 ’

325 1974 421 2022 sere
455 1974 505 2021 fit
540 1991 640 2022 cum
671 1975 932 2023 facultatum
979 1977 1229 2042 dispendio.
1307 1979 1373 2026 At
1409 1978 1526 2042 apud
1554 1979 1790 2042 plerosque

325 2058 496 2099 tantum
522 2054 664 2113 abest,
701 2059 749 2100 ut
780 2054 979 2102 homines
1007 2056 1052 2103 id
1078 2058 1162 2104 sibi
1195 2063 1462 2121 proponant,
1498 2053 1550 2104 >'ut
1576 2057 1793 2105 scientia-

327 2148 425 2178 rum
447 2137 492 2179 et
516 2132 675 2178 artium
698 2148 845 2179 massa
865 2140 1146 2196 augmentum
1168 2135 1394 2194 obtineat,
1422 2140 1471 2182 ut
1495 2152 1553 2182 ex
1579 2151 1648 2195 ea,
1681 2152 1793 2199 quae

329 2217 509 2274 praesto
545 2216 641 2271 est,
693 2225 863 2271 massa,
912 2213 978 2258 nil
1017 2213 1208 2277 amplius
1245 2218 1420 2259 sumant
1447 2219 1523 2261 aut
1561 2220 1794 2277 quaerant,

332 2306 462 2354 quam
500 2295 710 2353 quantum
741 2289 794 2336 ad
826 2306 952 2337 usum
987 2291 1336 2354 professorium,
1373 2297 1449 2338 aut
1479 2292 1678 2353 lucrum,
1720 2298 1796 2341 aut

332 2368 738 2427 existimationem,
795 2374 871 2415 aut
907 2369 1160 2432 hujusmodi
1201 2370 1490 2434 compendia,
1536 2375 1796 2418 convertere

332 2446 522 2509 possint.
604 2446 733 2505 Quod
764 2446 802 2492 si
834 2447 932 2510 quis
973 2464 1029 2495 ex
1058 2455 1182 2496 tanta
1210 2448 1520 2508 multitudine,
1566 2449 1798 2497 scientiam

334 2525 496 2571 affectu
517 2525 708 2587 ingenuo
735 2530 780 2572 et
798 2532 982 2590 propter
999 2544 1046 2574 se
1067 2533 1265 2591 expetat,
1285 2527 1535 2574 invenietur
1549 2531 1696 2574 tamen
1717 2527 1797 2574 ille

333 2602 449 2666 ipse,
485 2603 633 2666 potius
663 2606 1085 2669 contemplationum
1119 2612 1164 2654 et
1191 2606 1491 2653 doctrinarum
1523 2606 1797 2664 varietatem,

337 2696 468 2746 quam
499 2681 699 2727 veritatis
729 2699 926 2731 severam
969 2690 1013 2732 et
1057 2684 1247 2748 rigidam
1288 2683 1619 2748 inquisitionem
1655 2682 1800 2746 sequi.

336 2757 540 2819 Rursus,
571 2758 609 2806 si
640 2759 754 2806 alius
787 2762 1004 2825 quispiam
1030 2764 1221 2812 fortasse
1252 2762 1452 2810 veritatis
1485 2760 1721 2824 inquisitor
1742 2761 1801 2807 sit

337 2837 552 2897 severior,
586 2842 729 2885 tamen
767 2845 811 2885 et
835 2840 912 2887 ille
941 2841 1036 2904 ipse
1075 2844 1209 2889 talem
1242 2840 1327 2888 sibi
1353 2844 1573 2903 proponet
1601 2839 1802 2886 veritatis

340 2914 665 2977 conditionem,
705 2934 816 2981 quae
849 2920 982 2967 menti
1004 2926 1049 2968 et
1082 2918 1331 2969 intellectui
1355 2917 1604 2966 satisfaciat
1626 2918 1673 2966 in
1696 2917 1803 2966 red-
