1947 3456
287 308 379 355 132
808 302 1255 352 VERULAMII‘

286 427 548 477 conficimus
582 425 647 473 de
684 425 789 484 ira,
827 430 992 484 metu,
1024 427 1081 470 et
1117 423 1487 485 verecundia,
1524 430 1580 472 et
1614 424 1765 472 simi-

284 509 469 567 libus,
521 522 573 551 ac
618 504 749 550 etiam
800 502 866 549 de
916 502 1208 565 exemplis
1253 518 1439 549 rerum
1484 502 1766 562 civilium,

286 603 371 634 nec
417 585 562 631 miuus
611 582 672 628 de
721 581 974 628 motibus
1030 581 1388 627 mentalibus
1442 580 1766 639 memoriae,

289 660 748 726 compositionis
786 665 839 706 et
878 658 1222 717 divisionis,
1257 658 1504 721 judicii,
1543 664 1594 706 et
1630 658 1768 705 reli-

290 758 553 807 quorum,
600 754 729 802 quam
777 738 841 784 de
880 735 1077 783 calido
1115 741 1169 782 et
1207 735 1462 799 frigido,
1510 743 1587 784 aut
1621 737 1767 795 luce,

291 828 367 869 aut
401 818 816 883 vegetatione,
851 820 926 861 aut
962 815 1279 860 similibus.

390 899 484 947 Sed
523 905 670 944 tamen
710 912 808 942 cum
855 899 1057 939 nostra
1099 893 1261 939 ratio
1310 890 1768 955 interpretandi,

292 986 393 1045 post
414 976 645 1024 historiam
670 977 980 1037 praeparatam
1005 977 1049 1018 et
1078 971 1344 1031 ordinatam,
1379 988 1466 1017 11011
1491 969 1651 1017 mentis
1671 974 1769 1016 tan-

293 1066 383 1106 tum
407 1061 549 1103 motus
582 1059 626 1100 et
664 1053 909 1109 discursus,
946 1056 993 1096 ut
1023 1051 1173 1111 logica
1198 1050 1409 1112 vulgaris,
1441 1048 1517 1095 sed
1548 1053 1593 1095 et
1622 1064 1768 1095 rerum

293 1143 498 1184 naturam
520 1133 769 1185 intueatur3
805 1129 871 1174 ita
897 1134 1083 1174 mentem
1112 1128 1324 1190 regimus,
1357 1133 1404 1174 ut
1430 1127 1485 1173 ad
1507 1143 1655 1174 rerum
1690 1142 1769 1172 na-

294 1222 439 1263 turam
467 1229 531 1272 se,
569 1209 686 1273 aptis
707 1223 788 1270 per
811 1206 957 1253 omnia
983 1207 1142 1267 modis,
1174 1207 1402 1270 applicare
1425 1205 1582 1269 possit.

401 1293 551 1355 Atque
587 1291 907 1352 propterea
957 1285 1134 1332 multa
1178 1285 1501 1332 et'diversa
1537 1283 1593 1329 in
1642 1282 1773 1329 doc-

296 1373 451 1419 trina
486 1364 1027 1430 interpretationis
1058 1364 1485 1427 praecipimus,
1532 1377 1672 1426 quae
1709 1361 1773 1407 ad

298 1447 585 1513 subjecti,
625 1445 679 1492 de
713 1461 797 1508 quo
831 1443 1123 1506 inquirimus,
1171 1444 1518 1506 qualitatem
1554 1446 1608 1488 et
1643 1456 1774 1487 con-

297 1529 601 1585 ditionem,
658 1522 870 1570 modum
915 1521 1252 1569 inveniendi
1301 1521 1517 1569 nonnulla
1550 1523 1771 1583 exparte

300 1607 620 1672 applicent.
901 1667 938 1716 C
1043 1667 1164 1715 VIII

941 1669 1042 1716 XX
1167 1701 1179 1715 .

400 1763 474 1811 At
522 1759 677 1808 illud
715 1758 776 1806 de
813 1759 981 1806 nobis
1010 1775 1078 1805 ne
1126 1757 1397 1805 dubitare
1434 1755 1653 1821 quidem
1688 1755 1774 1802 fas

303 1844 405 1891 sit:
445 1847 632 1888 utrum
664 1854 766 1884 nos
803 1836 1260 1902 philosophiam,
1298 1841 1351 1884 et
1383 1840 1542 1883 artes
1577 1840 1632 1883 et
1667 1834 1776 1881 sci-

303 1922 520 1980 entias,
555 1917 765 1982 quibus
801 1918 1031 1976 utimur,
1070 1915 1377 1963 destruere
1414 1919 1468 1962 et
1503 1911 1773 1962 demo-liri

305 2000 620 2064 cupiamus3
657 2002 814 2042 contra
849 1996 993 2055 enim,
1026 2011 1176 2042 earum
1210 1998 1255 2042 et
1289 2009 1449 2040 usum
1485 1998 1529 2040 et
1563 1993 1776 2040 cultum

305 2085 350 2127 et
384 2078 637 2124 honores
672 2074 866 2121 libenter
886 2073 1211 2136 amplectimur.

408 2154 568 2219 Neque
603 2153 720 2201 6111111
762 2153 854 2199 11110
889 2151 1019 2199 1110ᾶο
1053 2151 1299 2210 officimus,
1340 2147 1446 2212 quin
1477 2147 1619 2208 istae,
1665 2162 1778 2210 quae

305 2235 616 2292 invaluerunt,
653 2237 697 2278 et
727 2231 1051 2294 disputationes
1083 2230 1234 2290 alant,
1268 2233 1313 2275 et
1347 2242 1573 2274 sermones
1602 2230 1778 2286 ornent,

308 2319 352 2362 et
374 2312 428 2360 ad
450 2310 721 2376 professoria
749 2325 932 2357 munera
956 2325 1008 2356 ac
1039 2309 1153 2356 vitae
1185 2307 1331 2355 civilis
1360 2304 1623 2369 compendia
1649 2304 1781 2351 adhi-

307 2394 497 2440 beantur
521 2396 565 2438 et
586 2390 787 2447 valeant3
825 2388 1013 2452 denique
1031 2393 1237 2450 tanquam
1261 2386 1524 2432 numismata
1549 2382 1779 2447 quaedam,

309 2486 528 2517 consensu
556 2469 674 2516 inter
709 2467 908 2514 homines
944 2467 1235 2529 recipiantur.
1317 2463 1573 2525 Quinetiam
1603 2460 1781 2525 signifi-

310 2565 461 2596 camus
485 2553 655 2611 aperte,
692 2562 761 2606 ea,
799 2561 912 2609 quae
939 2562 1020 2592 nos
1058 2545 1335 2604 adducimus,
1371 2542 1427 2589 ad
1449 2543 1560 2589 istas
1586 2556 1658 2587 res
1690 2554 1779 2585 non

308 2626 495 2675 multum
523 2625 686 2672 idonea
719 2624 896 2684 futura,
931 2640 1031 2670 cum
1069 2622 1132 2669 ad
1164 2623 1323 2686 vulgi
1358 2626 1586 2685 captum
1621 2616 1780 2664 deduci

310 2704 487 2752 omuino
507 2703 806 2766 nonpossint,
828 2702 949 2749 nisi
983 2718 1083 2766 per
1112 2701 1329 2749 effecta
1364 2705 1419 2748 et
1452 2712 1630 2762 opera
1661 2700 1780 2741 tan-

309 2789 435 2831 tum.
504 2782 569 2829 At
599 2781 686 2829 hoc
714 2782 875 2845 ipsum,
909 2781 1025 2845 quod
1050 2781 1103 2828 de
1129 2782 1290 2828 affectu
1323 2783 1475 2826 nostro
1497 2781 1542 2822 et
1560 2775 1676 2821 bona
1697 2790 1781 2821 vo-

309 2861 479 2909 luntate
513 2876 620 2924 erga
650 2860 862 2908 scientias
888 2866 1092 2924 receptas
1117 2859 1323 2917 dicimus,
1360 2871 1489 2920 quam
1514 2869 1617 2900 vere
1638 2850 1782 2915 profi-

308 2945 494 3002 teanum,
530 2940 699 3005 scripta
718 2944 873 2988 nostra
891 2939 937 2987 in
961 2938 1190 3004 publicum
1214 2935 1351 2997 edita,
1386 2931 1654 2998 praesertim
1673 2929 1781 2978 libri
