2031 3490
553 286 813 333 NOVUM
870 287 1245 334 ORGANUM.
1537 288 1630 336 131

150 406 472 471 refragantium
515 424 700 469 causas,
747 409 801 456 ad
841 408 924 454 illa
956 407 1181 473 principia
1218 425 1300 457 sua
1330 410 1557 460 laboriose
1590 417 1636 460 et

150 487 446 550 pertinaciter
475 486 886 536 accommodabant.

248 565 455 614 Verum
515 583 618 614 nec
673 564 935 613 historia
993 568 1295 615 naturalis
1352 573 1406 616 et
1461 585 1636 633 expe-

150 644 403 706 rientia,
465 645 578 692 illa
639 651 795 706 erat,
851 661 1014 709 quam
1056 646 1245 695 fuisse
1302 650 1635 712 oportebat,

147 724 322 786 longe
357 730 520 773 certe
557 726 752 786 abest,
798 730 851 772 et
881 724 998 772 ista
1034 725 1331 775 advolatio
1364 727 1429 774 ad
1461 746 1636 792 gene-

147 802 472 865 ralissima,
510 805 696 852 omnia
731 804 1015 868 perdidit.

774 926 1003 975 CXXVI.

150 1015 195 1065 O
210 1033 270 1065 cc
283 1034 309 1063 u
325 1033 382 1063 rr
397 1022 453 1064 et
499 1022 553 1065 et
592 1017 706 1064 illu
719 1016 770 1064 d:
828 1035 863 1066 n
877 1034 905 1066 o
919 1034 968 1077 s,
1010 1027 1237 1084 propter
1277 1020 1631 1071 zhhibitionem

152 1098 413 1163 quandam
432 1097 822 1162 pronuntiandi
848 1105 904 1145 et
929 1098 1193 1164 principia
1227 1108 1379 1149 certa
1389 1104 1632 1166 ponendi,

150 1178 315 1225 donec
328 1194 428 1242 per
447 1177 641 1225 medios
656 1178 859 1239 gradus
882 1178 954 1225 ad
967 1179 1367 1239 generalissima
1389 1182 1495 1229 rite
1511 1199 1634 1247 per-

147 1264 360 1305 ventum
405 1257 478 1306 sit
489 1291 502 1316 ,
545 1258 928 1322 suspensionem
973 1259 1234 1322 quandam
1264 1261 1466 1325 judicii
1491 1265 1640 1312 tueri

149 1343 309 1402 atque
344 1337 428 1384 ad
460 1336 774 1402 acatalep
791 1354 815 1385 s
830 1337 956 1385 iam
991 1354 1120 1385 rem
1156 1339 1484 1389 deducere.

251 1413 351 1463 Nos
392 1432 498 1462 vero
542 1432 633 1463 non
683 1417 1110 1481 acatalepsiam
1156 1417 1236 1465 sed
1290 1435 1352 1466 eu
1368 1421 1634 1485 catalep-

148 1494 236 1542 sia
247 1511 288 1541 m
327 1494 595 1541 meditamur
635 1500 680 1542 et
718 1495 1026 1559 proponimuS.
1097 1495 1135 1546 S
1149 1514 1173 1545 e
1186 1515 1214 1544 n
1225 1514 1246 1544 s
1259 1497 1316 1544 ui
1361 1499 1477 1547 enim
1523 1517 1551 1547 n
1565 1518 1591 1548 o
1603 1518 1635 1548 n

149 1574 486 1637 derogamus
533 1574 631 1621 sed
678 1574 1104 1636 ministramus,
1154 1583 1210 1624 et
1256 1577 1635 1628 intellectum

147 1669 256 1700 non
295 1653 714 1701 contemnimus
748 1652 844 1700 sed
877 1654 1146 1716 regimus.
1200 1657 1352 1721 Atque
1378 1658 1537 1705 melius
1567 1664 1636 1707 est

148 1732 265 1779 scire
297 1738 507 1796 quantum
545 1749 656 1796 opus
691 1733 767 1793 sit,
806 1738 850 1780 et
882 1738 1030 1780 tamen
1063 1751 1145 1782 nos
1188 1752 1278 1782 non
1308 1737 1488 1800 penitus
1517 1739 1635 1786 scire

147 1817 323 1876 putare,
346 1827 474 1875 quam
497 1812 674 1875 penitus
697 1813 813 1859 scire
835 1830 916 1860 nos
940 1820 1116 1877 putare,
1139 1820 1184 1862 ct
1205 1821 1352 1863 tamen
1373 1817 1439 1862 nil
1462 1834 1634 1880 eorum,

149 1907 262 1956 quae
285 1907 397 1955 opus
417 1896 503 1952 est,
539 1891 675 1938 scire.

769 1981 1025 2030 CXXVII.

249 2070 440 2119 Etiam
505 2071 804 2121 dubitabit
859 2073 1148 2138 quispiam
1205 2074 1411 2138 potius
1473 2094 1636 2140 quam

149 2151 429 2216 objiciet:
474 2160 703 2202 utrum
745 2171 861 2202 nos
905 2155 978 2202 de
1027 2153 1341 2201 naturali
1374 2163 1637 2206 tantum

142 2230 597 2296 philosophia,
638 2250 718 2280 an
765 2233 968 2281 etiam
1016 2234 1088 2281 de
1134 2233 1444 2283 scientiis
1489 2237 1635 2285 reli—

152 2310 309 2374 quis,
342 2309 603 2371 logicis,
636 2311 902 2372 ethicis,
933 2313 1260 2378 politicis,
1285 2317 1637 2365 secundum

149 2389 316 2436 viam
363 2398 667 2440 nostram
708 2393 1160 2458 perficiendis
1209 2394 1568 2459 loquamur.

253 2469 320 2514 At
342 2483 425 2515 nos
447 2474 569 2518 certe
597 2469 698 2518 DE
735 2472 1173 2521 UNIVERSIS
1217 2473 1346 2535 baec,
1378 2490 1491 2537 quae
1519 2475 1640 2522 dicta

151 2552 272 2607 sunt,
308 2546 619 2611 intelligimus.
686 2551 839 2616 Atque
862 2553 1230 2617 quenmdmodum
1253 2553 1453 2616 vulgaris
1473 2554 1640 2617 logica,

151 2642 266 2691 quae
286 2626 402 2690 regit
423 2644 497 2675 res
519 2646 601 2693 per
629 2632 955 2695 syllogismum,
991 2650 1081 2679 non
1115 2640 1286 2680 tantum
1312 2633 1366 2679 ad
1393 2635 1639 2694 naturales,

150 2706 227 2754 sed
252 2706 309 2754 ad
344 2724 497 2756 omnes
532 2710 745 2759 scientias
774 2712 997 2776 pertinet;
1031 2713 1115 2760 ita
1151 2719 1207 2761 et
1242 2718 1463 2773 nostra,
1502 2732 1527 2776 q
1542 2729 1640 2759 uae

151 2786 429 2849 procedit
475 2806 577 2853 per
619 2790 1056 2854 inductionem,
1116 2793 1302 2840 onmia
1347 2792 1641 2854 complec-

154 2864 320 2913 titur.

257 2943 377 2992 Tam
412 2948 528 2996 enim
563 2949 879 2998 historiam
917 2956 973 2998 et
1010 2949 1243 2996 tabulas
1292 2947 1640 2997 inveniendi

1344 3026 1410 3067 95⁶4
