2064 3490
627 262 896 308 NOVUM
947 262 1346 309 ORGANUM.
1688 264 1748 311 55

355 385 421 433 At
457 386 591 451 longe
623 386 833 434 subtilius
870 385 1012 448 serpit
1058 385 1145 432 hoe
1181 386 1346 432 malum
1369 386 1413 432 in
1447 386 1748 453 philosophiis

255 470 300 513 et
334 466 562 528 scientiis,
600 467 646 513 in
684 466 872 529 quibus,
911 463 1029 528 quod
1062 466 1202 513 semel
1239 466 1439 530 placuit,
1472 466 1646 531 reliqua
1669 470 1747 531 [li-

254 551 327 593 cet
352 547 491 594 multo
524 546 723 594 firmiora
746 550 790 593 et
811 543 1007 609 potiora]
1031 544 1176 593 inficit
1198 551 1242 594 et
1266 547 1313 593 in
1337 545 1539 594 ordinem
1563 548 1744 612 redigit.

254 626 513 687 Quinetiam
549 627 658 674 licet
704 625 900 673 abfuerit
937 642 1018 686 ea,
1056 643 1186 690 quam
1224 626 1452 688 diximus,
1501 626 1743 676 delectatio

252 711 297 753 et
332 707 538 768 vanitas,
571 706 620 753 is
651 712 846 753 tamen
892 705 1140 754 humano
1186 706 1537 754 intellectui
1574 725 1744 757 error

250 790 338 833 est
369 787 646 851 proprius
684 792 738 835 et
773 792 1113 851 perpetuus,
1146 792 1201 834 ut
1230 789 1416 850 magis
1445 795 1745 836 moveatur

251 872 306 913 et
335 866 633 914 excitetur
669 865 1062 914 affirmativis
1088 884 1248 931 quam
1277 868 1602 932 negativis3
1641 887 1741 917 cum

248 946 336 995 rite
387 953 432 995 et
500 945 656 993 ordine
707 961 896 1009 aequum
958 962 1007 993 se
1056 947 1235 1010 utrique
1300 949 1517 1010 praebere
1563 948 1741 1011 debeat,

249 1027 384 1091 quin
438 1032 673 1086 contra,
723 1026 780 1072 in
828 1024 973 1073 omni
1012 1025 1301 1074 axiomate
1338 1045 1477 1075 vero
1513 1031 1740 1078 consti-

246 1104 488 1168 tuendo,
524 1107 706 1171 major
741 1111 827 1154 cst
864 1105 951 1153 vis
985 1105 1319 1155 instantiae
1350 1109 1668 1172 negativae.

893 1231 1106 1280 XLVII.

280 1316 282 1318 ’
347 1321 758 1372 Intellectus
791 1322 1134 1385 humanus,
1182 1324 1344 1384 illis,
1384 1342 1531 1389 quae
1569 1326 1734 1374 simul

245 1408 299 1451 ct
345 1404 547 1451 subito
588 1408 834 1450 mentem
880 1403 1073 1451 ferire
1117 1409 1171 1452 et
1227 1404 1428 1453 subire
1474 1415 1735 1470 possunt,

244 1484 488 1530 maxime
523 1488 807 1543 movetur,
837 1499 861 1529 a
893 1483 1109 1547 quibus
1138 1484 1462 1548 phantasia
1495 1486 1736 1552 impleri

242 1569 300 1611 et
333 1563 549 1610 inflari
577 1563 919 1621 consuevit3
950 1563 1125 1628 reliqua
1156 1582 1277 1626 vero,
1312 1566 1471 1614 modo
1498 1567 1735 1631 quodam

238 1643 388 1692 licet
419 1643 927 1708 imperceptibili,
966 1643 1030 1690 ita
1067 1660 1114 1691 se
1150 1645 1317 1693 habere
1341 1645 1471 1710 fingit
1495 1652 1546 1694 et*
1568 1664 1735 1713 suppo-

236 1724 321 1784 nit,
352 1723 573 1788 quomodo
611 1740 659 1771 se
681 1723 847 1770 liabent
868 1738 1013 1787 pauca
1040 1723 1119 1770 illa
1143 1725 1303 1789 quibus
1326 1743 1450 1773 mens
1476 1728 1733 1788 obsidetur3

238 1804 295 1851 ad
327 1804 455 1850 illum
487 1819 640 1851 verum
673 1808 981 1850 transcursum
1015 1805 1088 1852 ad
1124 1805 1414 1856 instantias
1461 1813 1656 1856 remotas
1690 1815 1734 1856 et

237 1885 594 1948 beterogeneas,
629 1900 730 1948 per
782 1900 923 1948 quas
958 1884 1256 1932 axiomata
1292 1893 1563 1951 tanquam
1599 1891 1734 1952 igne

238 1964 533 2029 probantu
547 1981 598 2025 r,
636 1965 836 2011 tardus
886 1965 1067 2012 omnino
1098 1965 1359 2014 intellectus
1387 1972 1454 2014 est
1478 1973 1534 2014 et
1571 1968 1664 2014 11111
1681 1985 1732 2015 a-

238 2044 412 2106 bilis,
463 2044 552 2091 nisi
594 2044 681 2092 hoc
724 2045 792 2091 illi
824 2062 905 2109 per
942 2045 1078 2093 duras
1116 2046 1241 2111 leges
1280 2052 1324 2094 et
1363 2046 1606 2096 violentum
1643 2048 1731 2095 im-

234 2125 410 2190 perium
445 2124 721 2190 imponatur.

861 2205 959 2253 XL
967 2205 1100 2254 VIII.

341 2295 574 2346 Gliscit
637 2296 1048 2347 intellectus
1113 2297 1472 2360 hunewmas,
1546 2314 1649 2362 neq
1669 2315 1729 2345 ue

241 2377 581 2424 consistere
617 2382 715 2424 aut
752 2377 1138 2441 acquiescere
1175 2378 1337 2442 potis
1363 2384 1474 2438 est,
1513 2377 1610 2426 sed
1648 2378 1732 2424 ul-

241 2456 433 2504 terius
476 2456 659 2520 petit,
708 2462 765 2504 at
809 2457 1055 2507 frustra.

338 2536 499 2602 Itaque
524 2537 923 2601 incogitabile
957 2544 1043 2600 est,
1073 2543 1133 2586 ut
1159 2538 1237 2586 sit
1269 2537 1502 2603 aliquid
1537 2542 1729 2585 extre-

242 2636 378 2666 mum
429 2623 524 2665 aut
578 2617 860 2665 extimum
898 2635 942 2665 111
958 2618 1126 2680 1111111,
1162 2618 1241 2667 sed
1278 2636 1455 2684 semper
1490 2618 1617 2683 quasi
1651 2634 1733 2663 ne—

238 2698 436 2762 cessario
475 2697 701 2759 occurrit,
738 2696 786 2745 ut
822 2698 881 2746 sit
918 2698 1089 2763 aliquid
1113 2699 1320 2746 ulterius.
1390 2698 1551 2764 Neque
1580 2712 1734 2744 rursus

240 2779 435 2843 cogitari
467 2783 646 2843 potest,
695 2778 974 2842 quomodo
1033 2780 1362 2828 aeternitas
1406 2775 1735 2827 defluxerit

238 2858 302 2911 ad
341 2859 500 2917 bunc
537 2859 721 2920 (lieni,
766 2876 867 2906 cum
905 2858 1136 2908 distinctio
1180 2860 1262 2911 illa
1298 2875 1412 2922 quae
1444 2857 1585 2921 recipi
1626 2872 1740 2903 con-

236 2939 380 2986 suevit
418 2940 556 3004 [quod
600 2940 659 2988 sit
708 2940 976 3003 &finitum
1013 2959 1048 2990 ιι
1074 2948 1235 3006 parte
1273 2946 1397 2987 ante
1435 2945 1487 2986 et
1525 2956 1558 2986 a
1579 2944 1743 3004 parte
