2064 3490
580 296 840 344 NOVUM
877 295 1247 343 Ono-ANUM.
1592 292 1657 340 5¹7

891 417 953 464 L.

280 511 344 558 At
368 512 502 574 longe
537 509 844 557 maximum
880 506 1350 571 impedimentum
1387 512 1440 554 et
1466 508 1661 555 aberr-

178 591 298 638 atio
338 590 734 639 intellectns
770 588 1041 637 hnmani
1065 585 1337 650 provenit
1370 602 1396 632 a
1428 592 1659 651 stupore

177 676 231 717 et
262 669 730 734 incompetentia
766 675 820 716 ct
856 665 1129 714 fallaciis
1167 681 1451 727 sensuum,
1488 672 1660 727 ntea,

176 765 289 812 quae
322 765 501 797 sensum
529 748 725 809 feriunt,
769 748 892 809 illis,
930 763 1043 812 quae
1078 761 1256 793 sensum
1287 744 1543 794 immediate
1572 763 1662 794 non

174 827 367 890 feriunt,
406 829 514 876 licet
550 828 826 893 potioribus,
872 826 1249 892 praeponderent.

277 908 438 973 Itaque
471 908 790 970 contemplatio
828 908 922 954 fere
959 906 1124 954 desinit
1156 922 1256 953 cum
1296 910 1511 969 aspectu,
1549 905 1661 954 adeo

174 993 223 1036 ut
246 1004 396 1036 rerum
424 986 719 1033 invisibilium
741 986 907 1048 exigua
926 991 1004 1033 aut
1023 986 1149 1032 nulla
1172 985 1231 1032 sit
1254 985 1523 1033 observatio.
1563 985 1663 1034 Ita-

174 1083 260 1131 que
293 1067 437 1114 omnis
471 1067 674 1131 operatio
707 1065 973 1130 spirituum,
1005 1064 1052 1111 in
1076 1063 1343 1128 corporibus
1368 1066 1662 1128 tangibilihus

173 1147 480 1207 inclusorum,
509 1147 622 1194 latet
658 1151 702 1194 et
729 1145 933 1193 homines
966 1145 1098 1209 fugit.
1171 1141 1335 1191 Omnis
1357 1145 1491 1192 etiam
1516 1147 1664 1193 subti-

173 1227 263 1274 lior
286 1225 803 1274 metaschematismusin
826 1225 1029 1289 partibus
1050 1241 1199 1286 rerum
1219 1224 1488 1272 crassiorum
1514 1227 1664 1290 [quam

174 1306 308 1369 vulgo
333 1307 645 1354 alterationem
682 1311 872 1360 vocant,
910 1321 1008 1352 eum
1041 1304 1101 1351 sit
1129 1320 1178 1350 re
1206 1319 1311 1350 vera
1337 1304 1448 1351 latio
1469 1321 1551 1368 per
1575 1306 1664 1351 mi-

173 1386 311 1447 nima]
349 1386 463 1434 latet
497 1385 731 1432 similiter:
769 1389 815 1432 et
846 1390 994 1432 tamen
1014 1383 1103 1431 nisi
1123 1383 1210 1431 duo
1243 1383 1362 1444 ista,
1400 1399 1513 1447 quae
1539 1383 1663 1431 dixi-

172 1481 297 1525 mus,
335 1466 574 1529 explorata
596 1463 764 1511 fuerint
788 1470 832 1512 ct
854 1464 901 1510 in
924 1465 1071 1512 lucem
1093 1463 1338 1528 producta,
1377 1464 1492 1510 nihil
1512 1465 1664 1528 magni

174 1545 274 1592 fieri
309 1550 460 1609 potest
494 1543 541 1590 in
575 1548 737 1590 natura
774 1543 919 1608 quoad
956 1560 1108 1607 opera.
1180 1543 1358 1590 Rursus
1380 1543 1480 1608 ipsa
1503 1549 1666 1591 natura

173 1624 293 1671 ae'ris
319 1623 592 1682 communis,
630 1627 675 1670 et
696 1639 935 1688 corporum
960 1623 1153 1670 omnium
1169 1658 1185 1684 >
1223 1639 1336 1687 quae
1359 1627 1508 1671 acrem
1529 1630 1667 1672 tenu-

173 1704 282 1752 itate
305 1709 550 1769 superant,
588 1719 701 1767 quae
728 1704 924 1768 plurima
950 1708 1082 1764 sunt,
1119 1703 1214 1750 fere
1246 1703 1486 1767 ‘incognita
1517 1711 1602 1752 est.

278 1783 454 1831 Sensus
479 1783 596 1831 enim
619 1800 702 1847 per
722 1800 798 1844 se,
833 1801 906 1831 res
930 1783 1108 1830 infirma
1134 1788 1203 1831 est
1227 1788 1272 1831 et
1298 1784 1541 1846 aberrans,
1581 1802 1666 1834 ne-

176 1880 261 1928 que
301 1879 471 1926 organa
504 1862 560 1909 ad
584 1862 925 1927 amplificandos
949 1881 1107 1912 sensus
1127 1869 1204 1911 aut
1228 1864 1454 1912 acuendos
1479 1866 1668 1913 multum

174 1943 341 2004 valent,
379 1942 458 1991 sed
496 1943 677 1990 omnis
717 1943 918 1991 verior
953 1943 1383 2008 interpretatio
1414 1950 1667 1995 naturae

174 2021 512 2069 conficitur
545 2040 660 2089 per
714 2024 1090 2073 instantias
1149 2029 1207 2071 et
1254 2024 1668 2088 experimenta

173 2101 382 2150 idonea
432 2107 488 2150 et
537 2103 836 2168 apposita,
893 2104 997 2151 ubi
1054 2120 1264 2152 sensus
1314 2104 1382 2151 de
1430 2108 1668 2169 experi-

173 2186 362 2229 mento
410 2186 631 2230 tantum
651 2217 668 2244 ,
718 2183 1183 2247 experimentum
1234 2182 1300 2230 de
1351 2190 1564 2233 natura
1612 2194 1668 2236 ct

173 2278 233 2310 re
268 2262 404 2326 ipsa
436 2261 691 2326 judicat.

247 2420 657 2472 Intellectus
692 2420 1009 2472 hum-anus
1045 2422 1240 2470 fertur
1267 2422 1331 2470 ad
1363 2424 1668 2475 abstracta

176 2504 421 2565 propter
470 2506 732 2549 naturam
780 2503 1109 2567 propriam,
1158 2508 1334 2566 atque
1384 2521 1477 2567 ea,
1527 2525 1669 2572 quac

176 2579 345 2627 fluxa
381 2585 546 2642 sunt,
582 2580 760 2645 fingit
795 2598 922 2630 esse
959 2583 1322 2630 constantia.

280 2658 453 2707 Melius
495 2666 640 2709 autem
688 2668 756 2709 est
791 2670 994 2710 naturam
1029 2679 1184 2711 secare
1221 2679 1352 2727 quam
1391 2665 1672 2728 abstrahere,

178 2738 224 2787 id
249 2738 368 2804 quod
402 2740 710 2790 Democriti
739 2741 919 2792 schola
942 2743 1077 2805 fecit,
1094 2770 1098 2771 ν
1115 2759 1228 2808 quae
1255 2743 1396 2807 magis
1419 2747 1672 2809 penetravit

178 2819 226 2866 in
271 2824 476 2867 naturam
520 2836 649 2885 quam
685 2821 901 2886 reliquae.
972 2823 1173 2872 Materia
1209 2824 1360 2888 potius
1391 2825 1669 2874 considerari

179 2898 337 2960 debet,
385 2905 430 2947 et
466 2900 564 2964 ejus
601 2901 904 2950 schematismi
941 2909 986 2951 ct
1034 2903 1453 2951 metascliematismi
1465 2939 1480 2964 ‚
1536 2911 1670 2971 atquc

180 2982 307 3024 actus
344 2995 482 3041 purus
519 2988 563 3028 et
596 2983 668 3029 lex
699 2989 824 3030 actus
848 2983 942 3030 sive
968 2989 1139 3040 motus;
1178 2982 1346 3030 somnae
1372 2984 1489 3031 enim
1523 3002 1671 3035 com-
