1947 3456
250 298 349 344 102
740 299 1167 344 VERULAMII

247 435 380 467 manu
414 423 458 466 et
489 423 646 482 sponte
677 419 905 467 ducamus.
973 422 1123 484 Atque
1156 421 1265 468 licet
1295 421 1429 484 longe
1455 421 1721 484 potentissi-

249 515 365 545 mum
404 498 596 544 futurum
631 499 688 544 sit
738 500 1049 546 remedium
1099 500 1159 546 ad
1200 517 1347 564 spem
1385 500 1498 562 imp
1515 499 1721 545 rimen-

249 577 387 637 dam,
426 576 647 640 quando
683 577 940 624 homines
979 578 1042 623 ad
1083 578 1503 640 particularia,
1558 594 1721 641 prae-

249 657 442 703 sertim
481 655 538 700 in
575 657 796 703 tabulis
841 657 1062 703 nostris
1100 657 1442 703 inveniendi
1488 657 1722 719 digesta

250 740 305 781 et
341 733 636 796 disposita
669 736 827 798 [quae
865 735 1076 798 partim
1115 734 1177 780 ad
1216 745 1585 795 SECUNDAM,
1622 735 1722 783 sed

250 813 430 860 multo
470 814 651 876 magis
699 814 762 860 ad
809 827 1114 868 QUARTAM
1165 827 1721 864 1Ns⁷rAURAT10N1s

249 903 546 940 NOSTRAE
585 907 844 942 PARTEM
880 893 1190 957 pertinent]
1230 892 1585 952 adducemus,
1623 909 1722 939 cum

249 969 336 1016 hoc
358 971 501 1034 ipsum
534 973 592 1019 sit
628 990 734 1020 non
784 989 917 1037 spes
963 977 1214 1031 tantum,
1259 971 1360 1018 sed
1395 976 1604 1035 tanquam
1634 987 1724 1019 res

250 1066 397 1114 ipsa.

354 1151 548 1210 Tamen,
584 1157 631 1198 ut
657 1150 805 1198 onmia
828 1151 1089 1198 clementius
1123 1150 1249 1210 fiant,
1273 1150 1556 1214 pergendum
1583 1156 1650 1198 est
1675 1151 1724 1197 in

250 1229 454 1275 instituto
480 1237 632 1277 nostro
661 1231 714 1277 de
738 1230 1058 1294 praeparandis
1077 1229 1300 1290 hominum
1323 1230 1567 1288 mentibus3
1595 1229 1722 1294 cujus

250 1308 633 1371 praeparationis,
663 1309 750 1356 ista
785 1309 978 1356 ostensio
1008 1309 1130 1372 spei,
1173 1324 1277 1372 pars
1314 1314 1382 1355 est
1418 1325 1506 1354 non
1542 1309 1722 1371 exigua.

249 1385 365 1433 Nam
392 1387 557 1450 absque
584 1404 653 1448 ea,
693 1389 866 1452 reliqua
888 1388 1055 1435 faciunt
1086 1387 1226 1450 magis
1247 1386 1300 1433 ad
1337 1387 1719 1434 contristationem

250 1465 475 1511 hominum
504 1467 714 1527 [scilicet,
754 1474 801 1513 ut
834 1467 1099 1514 deteriorem
1123 1472 1166 1512 et
1202 1466 1400 1512 viliorem
1423 1466 1630 1525 habeant,
1669 1465 1722 1512 de

251 1544 325 1603 iis,
363 1545 583 1607 quaejam
608 1546 654 1591 in
683 1563 761 1592 usu
789 1553 906 1606 sunt,
940 1546 1211 1611 opinionem,
1249 1560 1378 1608 quam
1400 1561 1516 1591 nune
1541 1544 1723 1603 habent,

251 1628 296 1669 et
313 1639 419 1670 suae
440 1623 709 1671 conditionis
732 1625 1021 1672 infortunium
1039 1627 1140 1688 plus
1159 1623 1354 1671 sentiant
1372 1629 1415 1670 et
1437 1623 1720 1686 pernoscant]

252 1717 380 1764 quam
405 1702 460 1748 ad
484 1703 760 1750 alacritatem
795 1705 987 1767 aliquam
1012 1702 1324 1762 inducendam,
1362 1707 1437 1749 aut
1459 1702 1723 1749 industriam

251 1781 514 1844 experiendi
536 1783 795 1830 acuendam.

350 1881 554 1946 Itaque
591 1884 976 1948 conjecturae
1013 1888 1271 1943 nostrae,
1308 1899 1447 1947 quae
1482 1884 1722 1947 spemin

249 1960 352 2007 hac
388 1977 447 2007 re
483 1961 714 2009 faciunt
748 1963 1138 2026 probabilem,
1190 1962 1540 2025 aperiendae
1585 1968 1720 2009 sunt

250 2044 306 2085 et
338 2055 365 2102 p
378 2055 437 2085 ro
452 2055 479 2102 p
495 2056 520 2085 o
533 2056 559 2085 n
574 2057 596 2087 e
612 2057 636 2086 n
653 2041 678 2086 d
692 2057 718 2086 a
730 2058 777 2088 e:
815 2041 929 2087 sicut
957 2042 1224 2091 Columbus
1249 2042 1373 2101 fecit,
1409 2047 1511 2088 ante
1533 2041 1721 2104 naviga-

249 2117 414 2164 tionem
429 2118 552 2164 illam
572 2135 695 2166 suam
711 2120 958 2167 mirabilem
983 2122 1117 2167 maris
1136 2121 1376 2180 Atlantici,
1401 2136 1501 2166 cum
1523 2120 1721 2168 rationes

250 2196 514 2257 adduxerit,
563 2215 643 2245 eur
662 2199 759 2262 ipse
789 2216 926 2246 novas
952 2205 1095 2246 terras
1118 2206 1162 2246 et
1187 2200 1465 2246 continentes
1477 2233 1492 2258 ,
1542 2205 1721 2262 praeter

249 2291 342 2335 eas,
367 2292 478 2339 quae
499 2283 600 2325 ante
627 2279 832 2341 cognitae
853 2279 1058 2338 fuerunt,
1082 2278 1280 2326 inveniri
1301 2293 1433 2342 posse
1453 2276 1720 2334 confideret3

250 2370 361 2417 quae
387 2356 602 2416 rationes,
631 2357 740 2404 lieet
763 2358 905 2421 primo
927 2358 1141 2421 rejectae,
1183 2363 1340 2421 postea
1366 2361 1515 2402 tamen
1535 2355 1720 2419 experi-

247 2439 396 2481 mento
418 2436 631 2498 probatae
656 2442 759 2483 sunt
780 2443 824 2484 et
846 2454 994 2484 rerum
1027 2437 1319 2484 maximarum
1345 2450 1507 2483 causae
1527 2439 1571 2481 et
1590 2433 1721 2481 initia

247 2512 442 2562 fuerunt.

891 2604 1076 2653 XCIII.

346 2703 713 2768 Principium
752 2711 943 2752 autem
980 2703 1306 2753 sumendum
1342 2719 1368 2750 a
1397 2702 1579 2750 DEO:
1630 2701 1717 2749 hoc

245 2783 450 2830 nimirum
483 2783 599 2847 quod
637 2784 810 2845 agitur,
848 2790 1032 2847 propter
1063 2784 1358 2831 excellentem
1395 2782 1440 2828 in
1477 2781 1576 2844 ipso
1610 2781 1717 2827 boni

244 2867 465 2922 naturam,
491 2861 723 2909 manifeste
753 2877 779 2907 a
805 2860 951 2909 DEO
974 2879 1097 2920 esse3
1123 2863 1207 2926 qui
1227 2857 1504 2908 AUTOR
1536 2857 1717 2906 ΒΟΝΙ

245 2935 344 3001 E‚T
381 2939 649 2987 PATER
686 2939 1060 2988 LUMINUM
1113 2945 1218 2988 est.
1288 2938 1343 2985 In
1382 2938 1716 3003 operationibus
