2031 3490
658 254 904 300 INDEX
954 253 1227 302 RERUM.
1599 251 1696 302 143

1571 376 1696 413 Pagina

208 419 488 460 Democriti
514 422 665 459 atomi
714 446 1569 462 ..............
1647 430 1697 466 65

335 472 705 522 peregrinatio
780 497 1570 513 .............
1645 480 1698 516 77

328 521 506 559 schola
578 547 1568 562 ................
1646 530 1698 565 60

206 570 594 610 Demonstratio
621 570 736 622 longe
761 572 907 622 optima
969 597 1568 612 ..........
1646 579 1697 615 73

205 620 689 660 Demonstrationes
720 622 770 660 in
798 621 1097 659 dialecticis
1127 620 1218 672 quid
1248 628 1368 670 agunt
1430 652 1440 664 ,
1493 650 1505 663 .
1556 651 1570 664 .
1645 629 1698 666 72

205 670 692 710 Demonstrationes
719 685 929 724 pravae,
958 673 1145 710 idolorum
1173 671 1367 722 praesidia
1430 700 1440 711 .
1493 700 1504 712 .
1558 702 1570 714 .
1646 698 1697 706 —

204 720 728 773 Demonstrationes,
766 722 940 775 potentia
975 722 1143 774 quadam
1169 722 1438 774 philosophiae
1463 725 1572 775 ipsae

332 779 420 811 sunt
448 779 487 811 et
514 773 696 812 scientiae
766 801 778 814 .
841 799 1568 814 ............
1645 782 1698 820 72

203 820 712 862 Demonstrationum
744 835 1017 876 processus
1045 822 1375 874 quadruplex
1427 851 1441 863 .
1493 851 1504 864 .
1557 853 1570 865 .
1645 832 1698 870 73

202 870 709 912 Demonstrationum
745 874 1046 922 redargutio
1100 899 1571 916 ........
1623 882 1698 920 118

201 921 485 975 Descripta
509 936 568 962 ex
597 925 760 963 veteri
787 924 1065 974 exemplari
1113 949 1571 966 ........
1672 935 1698 971 3

201 971 395 1011 Desine
423 986 510 1012 rex
538 986 653 1012 esse
721 999 1571 1015 ..............
1624 982 1698 1021 126

201 1021 372 1062 DEUS
408 1023 629 1062 AUTOR
665 1023 826 1063 ΒΟΝΙ
863 1023 945 1061 ET
983 1022 1197 1060 PATER
1232 1021 1533 1063 LUM1NUM
1560 1054 1570 1066 .
1624 1033 1698 1071 102

201 1070 312 1109 DEI
349 1073 589 1112 voluntas
615 1081 665 1113 et
691 1080 934 1126 potestas
960 1073 1245 1111 manifesta
1296 1099 1310 1112 .
1362 1100 1373 1112 .
1408 1094 1438 1112 >.
1490 1102 1504 1115 .
1556 1103 1568 1115 .
1648 1086 1698 1122 99

198 1121 332 1161 1)Εο
358 1135 430 1175 per
455 1124 696 1163 mendacium
723 1124 929 1176 gratificari
950 1124 1046 1162 velle
1104 1149 1569 1165 ........
1647 1135 1699 1171 93

133 1170 139 1176 ’
201 1171 531 1215 Dialecticae
560 1187 641 1213 ars
666 1175 716 1214 ad
742 1187 892 1214 errores
917 1173 1093 1226 figendos
1119 1172 1235 1211 valuit
1297 1200 1567 1215 .....
1650 1185 1700 1222 12

560 1239 674 1264 usus
717 1250 1571 1265 ..............
1646 1233 1698 1274 49

200 1272 547 1313 Dialecticam
570 1276 621 1314 ad
645 1276 918 1318 inveniendum
945 1275 1137 1314 advocans
1185 1301 1570 1316 .......
1646 1285 1699 1324 87

201 1322 555 1363 Differentiae
593 1333 761 1365 motus
786 1327 1028 1376 vulgares
1051 1325 1188 1364 nullius
1216 1324 1330 1375 pretii
1356 1331 1444 1363 sunt
1494 1353 1507 1366 .
1560 1354 1572 1366 .
1648 1337 1699 1373 69

199 1373 394 1412 Dissert
421 1375 590 1426 logica
618 1383 792 1415 nostra
818 1388 842 1415 a
868 1376 1013 1427 vulgari
1061 1402 1569 1416 .........
1649 1387 1698 1424 18

200 1423 404 1463 Differt
431 1427 688 1465 naturalis
715 1427 937 1466 historia
966 1433 1126 1478 propter
1146 1438 1189 1463 se
1216 1425 1406 1471 confecta,
1432 1427 1481 1463 ab
1505 1427 1569 1466 illa

327 1475 376 1512 ad
404 1476 687 1515 informandum
717 1478 952 1516 intellectum
978 1483 1019 1516 et
1047 1477 1098 1516 ad
1127 1475 1369 1514 condendam
1398 1477 1571 1527 philoso-

324 1525 455 1576 phiam
482 1528 643 1566 collecta
701 1555 714 1566 .
778 1553 1569 1568 .............
1624 1532 1699 1576 107

199 1572 481 1626 Dionysius
510 1578 559 1616 in
583 1578 848 1617 Platonem
874 1603 1571 1619 ............
1647 1588 1699 1625 76

198 1624 491 1665 Discrimen
528 1629 855 1678 ingeniorum
907 1653 1570 1669 ...........
1648 1639 1698 1675 59

199 1674 465 1715 Dissensio
493 1679 909 1730 philosophorum
930 1685 971 1717 et
990 1678 1205 1716 scholarum
1222 1677 1391 1728 ipsarum
1408 1678 1571 1718 varietas
1646 1688 1697 1724 81

199 1724 386 1764 Divina
406 1727 639 1767 humanis
662 1730 843 1781 impari
869 1728 1171 1767 conditione
1196 1727 1570 1778 permiscentes
1647 1739 1698 1775 98

199 1774 384 1815 Divina
411 1779 691 1830 prudentia
717 1787 766 1818 et
793 1780 941 1827 ordo,
967 1792 1039 1831 pro
1067 1778 1281 1830 exemplari
1330 1779 1519 1817 sumenda
1556 1807 1568 1819 .
1646 1788 1698 1824 74

199 1825 421 1866 Divinae
446 1829 641 1868 Mentis
667 1830 823 1869 ideae
891 1857 902 1868 .
966 1853 1502 1869 .........
1534 1832 1697 1876 48.129

198 1875 454 1917 Doctrina
489 1880 549 1918 de
586 1881 978 1919 constitutione
1018 1878 1296 1918 axiomatis
1335 1885 1374 1917 et
1402 1879 1570 1919 formula

301 1929 579 1980 interpretandi
639 1955 1566 1970 ...............
1645 1938 1697 1974 28

197 1975 451 2019 Doctrina
482 1981 731 2020 deidolis
779 2005 1376 2021 ..........
1434 1983 1493 2020 19.
1522 1985 1695 2024 51—73

196 2026 445 2068 Doctrina
472 2032 531 2069 de
561 2032 776 2070 meliore
804 2043 860 2069 ac
885 2030 1204 2078 perfectiore
1232 2041 1319 2067 usu
1347 2031 1569 2070 rationis
1649 2038 1698 2075 17

197 2076 481 2120 Doctrinae
510 2082 542 2119 si
571 2082 687 2133 plane
713 2083 834 2120 instar
860 2082 1014 2133 plantae
1042 2093 1064 2118 a
1089 2079 1269 2130 stirpibus
1294 2080 1372 2118 suis
1396 2081 1570 2120 revulsae

296 2141 375 2168 non
396 2138 536 2181 essent,
557 2139 666 2170 utero
687 2140 847 2171 naturae
867 2132 1121 2170 adhaerentes
1145 2131 1194 2166 ab
1217 2129 1355 2168 eadem
1376 2131 1570 2169 alerentur
1645 2138 1696 2175 79

196 2176 556 2219 Doctrinarum
579 2183 964 2220 administratio
989 2182 1061 2218 vid.
1097 2179 1381 2219 Administr.
1409 2180 1570 2221 doctr.

196 2227 573 2269 Doctrinarum
602 2233 964 2270 revolutiones
994 2239 1101 2269 tres
1155 2258 1165 2268 .
1229 2257 1567 2271 ......
1645 2236 1696 2273 83

324 2284 688 2320 emanationes
727 2290 766 2320 et
793 2282 1100 2334 dispensationes
1126 2280 1229 2318 duae
1294 2308 1567 2322 .....
1647 2287 1695 2323 15

197 2326 451 2379 Dogmata
482 2333 628 2370 varia
696 2360 708 2371 .
779 2357 1568 2372 .............
1644 2336 1696 2373 64

196 2377 488 2430 Dogmatici
512 2395 564 2419 sv.
589 2382 793 2421 rationales
837 2407 1568 2422 ............
1621 2386 1697 2423 104

195 2427 342 2468 Duae
371 2433 786 2483 praerogativae
815 2445 983 2471 rerum
1035 2457 1569 2472 .........
1645 2437 1695 2473 30

194 2478 335 2519 Duae
361 2493 440 2520 res
464 2483 523 2521 de
549 2483 994 2534 quibushomines
1022 2480 1260 2520 monendi
1299 2508 1568 2521 .....
1647 2487 1696 2523 13

194 2528 342 2569 Duae
380 2533 554 2570 tribus
590 2534 1068 2586 contemplantium
1105 2545 1158 2569 sv.
1186 2531 1569 2583 philosophantium.
1647 2537 1695 2574 15

195 2578 338 2619 Duae
366 2582 482 2621 viae
507 2596 570 2621 sv.
598 2585 838 2622 rationes
900 2608 1499 2622 ..........
1552 2584 1696 2624 46.15

194 2629 303 2668 Duo
330 2633 520 2671 monita
547 2633 597 2671 ad
625 2635 853 2685 aperiendas
879 2634 1076 2672 hominum
1103 2638 1251 2670 mentes
1301 2658 1567 2672 .....
1643 2637 1693 2672 31

193 2679 230 2717 D
241 2695 263 2720 u
273 2682 356 2733 ple
366 2695 391 2720 x
411 2695 433 2722 e
443 2696 468 2721 x
479 2696 499 2722 c
509 2695 530 2722 e
541 2696 558 2722 s
568 2697 586 2722 s
597 2698 619 2722 u
630 2698 662 2732 s,
679 2698 840 2736 quorum
854 2686 966 2736 prim.
976 2684 1091 2723 intell.
1101 2683 1294 2735 deprimit,
1307 2683 1403 2722 alter
1414 2688 1575 2722 enervat
1645 2686 1695 2723 71

193 2869 563 2918 Efficientium
594 2881 877 2932 inquisitio
906 2903 1571 2921 ...........
1644 2881 1696 2919 29

192 2936 520 2979 Elementum
558 2942 699 2993 ignis
760 2970 772 2982 .
837 2965 1498 2982 ...........
1551 2942 1615 2980 54.
1644 2944 1693 2979 61
