2064 3490
576 303 843 348 NOVUM
893 303 1289 348 ORGANUM.
1623 303 1692 350 87

200 423 370 472 ditione
394 440 655 485 causarum,
691 441 838 472 rerum
870 439 981 487 quae
1006 421 1272 487 jampridem
1305 430 1407 471 suut
1438 427 1671 489 cognitam

199 520 287 551 non
311 521 426 564 eam,
451 520 562 567 quae
587 519 701 549 nova
721 519 903 566 operum
925 503 1132 568 pignora,
1155 508 1199 550 et
1222 519 1378 551 novam
1398 505 1671 556 axiomatum

198 584 344 631 lucem
366 587 645 646 assequatur.

297 661 533 726 Itaque,
583 660 622 708 si
660 660 763 707 finis
797 659 1085 708 scientiarum
1114 677 1140 707 a
1167 661 1343 709 nemine
1377 662 1523 712 adbuc
1560 665 1671 714 beno

196 741 370 805 positus
400 741 489 801 sit,
533 757 640 788 non
673 740 871 786 mirum
908 745 1018 799 est,
1059 740 1107 787 si
1144 740 1334 802 iniis,
1366 759 1504 806 quae
1541 752 1670 793 sunt

197 820 588 868 subordinata
617 819 678 868 ad
718 820 917 876 finem,
955 827 1229 884 sequatur
1265 822 1581 874 aberratio.

797 956 1064 1005 LXXXII.

298 1047 679 1108 Quemadmodum
707 1054 855 1097 autem
880 1049 981 1096 finis
1003 1053 1048 1096 et
1071 1052 1189 1096 meta
1211 1048 1518 1110 scientiarum,
1553 1052 1670 1098 male

193 1126 343 1190 posita
363 1134 467 1176 sunt
499 1128 616 1193 apud
646 1128 877 1190 homines,
926 1129 990 1176 ita
1010 1145 1193 1189 rursus,
1230 1128 1363 1176 etiam
1387 1129 1427 1176 si
1446 1130 1527 1176 illa
1547 1136 1670 1179 recte

193 1206 343 1269 posita
364 1207 581 1269 fuissent,
617 1208 757 1255 viam
797 1214 978 1255 tamen
1016 1207 1132 1254 sibi
1169 1207 1524 1272 delegerunt
1560 1227 1670 1256 om·

194 1285 326 1333 nino
362 1303 663 1334 erroneam
701 1293 754 1334 et
790 1287 1142 1351 imperviam.

294 1365 427 1425 Quod
468 1372 651 1430 stupore
695 1365 884 1430 quodam
930 1365 1122 1413 animum
1176 1365 1262 1413 rite
1301 1383 1396 1414 rem
1444 1366 1671 1429 reputanti

192 1445 481 1507 perculserit,
513 1460 601 1492 uon
628 1445 709 1492 ulli
735 1445 988 1492 mortalium
1010 1461 1144 1493 curae
1167 1451 1243 1492 aut
1267 1445 1393 1493 cordi
1418 1445 1584 1506 fuisse,
1621 1452 1671 1493 ut

190 1523 443 1571 intellectui
463 1524 673 1585 humano,
708 1525 764 1572 ab
790 1525 888 1588 ipso
908 1541 1042 1572 sensu
1067 1530 1110 1572 et
1132 1524 1431 1589 experientia,
1465 1524 1671 1573 ordinata

192 1607 239 1648 et
265 1602 377 1649 bene
403 1603 584 1650 condita
620 1604 716 1665 via,
753 1604 981 1668 aperietur
1010 1610 1054 1651 et
1087 1606 1363 1665 muniretur,
1398 1603 1478 1652 sed
1502 1605 1669 1665 omnia,

189 1681 261 1728 vel
294 1681 583 1729 traditionum
618 1684 831 1747 caligini,
879 1684 948 1731 vel
980 1690 1340 1747 argumentorum
1382 1683 1594 1747 vertigini
1625 1691 1670 1732 et

189 1761 375 1820 turbini,
398 1763 469 1809 vel
487 1779 618 1810 casus
639 1768 683 1810 et
704 1763 1012 1828 experientiae
1032 1780 1169 1828 vagae
1193 1768 1237 1811 et
1259 1761 1516 1812 inconditae
1537 1763 1671 1812 undis

192 1846 238 1887 ct
262 1840 522 1903 ambagibus
539 1842 764 1907 permissa
785 1859 899 1891 esse.

292 1920 446 1984 Atque
476 1922 645 1986 cogitet
671 1922 771 1986 quis
800 1921 949 1970 sobrie
984 1926 1030 1969 et
1060 1920 1318 1985 diligenter,
1355 1923 1550 1986 qualis
1587 1924 1668 1970 sit

191 2016 245 2047 ea
273 1999 372 2061 via,
420 2017 549 2064 quam
581 2001 628 2048 in
661 2001 953 2066 inquisitione
983 2006 1028 2048 et
1064 2000 1321 2048 inventione
1358 2002 1551 2066 alicujus
1585 2003 1669 2061 rei,

191 2079 394 2127 homines
436 2080 648 2129 adbibere
694 2085 1039 2128 consueverunt.
1128 2078 1192 2127 Et
1247 2080 1431 2144 primo
1494 2082 1668 2128 notabit

188 2159 485 2223 proculdubio
504 2159 760 2208 inveniendi
780 2158 958 2206 modum
977 2158 1226 2222 simplicem
1244 2165 1289 2206 et
1307 2158 1668 2220 inartificiosum,

192 2239 265 2302 qui
298 2239 554 2286 hominibus
597 2239 790 2286 maxime
825 2244 911 2286 est-
935 2237 1192 2284 familiaris.
1272 2237 1362 2285 Hic
1398 2244 1547 2286 autem
1578 2256 1666 2286 non

192 2317 312 2364 alius
329 2323 412 2377 est,
449 2333 578 2381 quam
598 2324 648 2365 ut
671 2318 728 2378 is,
766 2317 842 2381 qui
866 2333 914 2364 se
935 2317 990 2364 ad
1012 2317 1323 2364 inveniendum
1348 2317 1516 2381 aliquid
1540 2335 1668 2365 com-

192 2401 322 2459 parat
345 2402 390 2444 et
415 2397 641 2460 accingit,
676 2396 847 2460 primo,
896 2412 1013 2460 quae
1044 2397 1100 2443 ab
1134 2396 1236 2444 aliis
1269 2396 1391 2443 circa
1426 2397 1508 2443 illa
1545 2397 1666 2445 dicta

192 2474 300 2535 sint,
331 2474 530 2539 inquirat
561 2481 605 2523 et
633 2476 837 2536 evolvat,
883 2475 1043 2523 deinde
1071 2475 1298 2540 propriam
1333 2476 1667 2525 meditationem

193 2553 344 2615 addat,
380 2559 512 2618 atque
534 2571 614 2620 per
637 2555 798 2602 mentis
827 2555 1013 2602 multam
1036 2555 1354 2619 agitationem,
1391 2556 1667 2621 spiritum

193 2649 352 2680 suum
392 2635 687 2698 proprium
719 2634 936 2682 sollicitet
965 2639 1009 2681 et
1040 2635 1167 2699 quasi
1197 2635 1460 2695 invocet,
1497 2640 1546 2682 ut
1578 2635 1663 2682 sibi

193 2714 377 2761 oracula
408 2713 599 2778 pandat3
636 2730 748 2777 quae
779 2730 851 2761 res
883 2714 1062 2761 omnino
1096 2714 1193 2763 sine
1223 2714 1515 2763 fundamento
1532 2719 1597 2762 est
1622 2721 1666 2761 ct

194 2793 240 2840 in
273 2793 560 2857 opinionibus
580 2798 750 2840 tantum
775 2794 982 2841 volvitur.

295 2882 360 2931 At
407 2883 524 2932 alius
578 2883 799 2949 quispiam
844 2883 1225 2933 dialecticam
1260 2883 1314 2930 ad
1353 2881 1663 2930 inveniendum

197 2959 296 3007 adv
313 2968 463 3023 occt,
495 2979 608 3028 quac
642 2964 819 3012 nomine
847 2971 979 3013 tenus
1002 2969 1190 3023 tantum,
1215 2962 1270 3009 ad
1290 2960 1332 3008 id
1360 2961 1476 3025 quod
1501 2963 1663 3025 agitur,
