1947 3456
267 310 362 358 124
779 300 1207 347 VERULAMII

264 433 345 480 (lae
378 434 496 477 sunt.
563 425 741 490 Neque
780 428 1098 488 propterea
1144 417 1444 483 polluitur
1492 421 1729 462 natura-

262 512 339 559 lis
373 506 650 563 historia3
694 503 762 549 sol
793 502 908 549 enim
942 517 1080 564 aeque
1100 498 1268 563 palatia
1296 501 1340 544 et
1368 496 1547 544 cloacas
1573 494 1730 557 ingre-

265 590 409 649 ditur,
453 600 595 648 neque
634 580 1015 644 tamenpolluitur.

363 665 460 714 Nos
494 668 639 709 autem
682 676 772 706 non
809 657 1067 721 capitolium
1115 653 1296 717 aliquod
1329 657 1406 700 aut
1436 651 1728 717 pyramidem,

263 746 490 794 hominum
518 738 754 804 superbiae
785 737 1042 784 dedicamus
1073 739 1148 781 aut
1176 732 1432 792 condimus,
1472 732 1550 780 sed
1594 737 1731 780 tem-

263 826 415 890 plum
458 824 716 868 sanetum
763 816 826 863 ad
876 814 1168 878 exemplar
1219 810 1410 858 mundi
1451 810 1507 857 in
1549 812 1730 859 intel-

265 906 426 952 lectu
464 901 706 946 humano
738 893 1056 942 fundamus.

367 981 526 1043 Itaque
563 976 856 1039 exemplar
892 972 1196 1036 sequimur.
1266 966 1382 1015 Nam
1412 965 1621 1031 quicquid
1648 983 1733 1014 es-

267 1060 458 1110 sentia
493 1058 671 1120 dignum
693 1059 787 1112 est,
831 1052 876 1098 id
909 1052 1041 1098 etiam
1081 1047 1327 1096 scientia
1362 1046 1569 1110 dignum,
1621 1064 1734 1111 quae

268 1146 335 1188 est
370 1135 664 1186 essentiae
700 1133 903 1193 imago.

372 1228 432 1275 At
451 1225 556 1273 vilia
586 1238 725 1286 aeque
757 1218 1003 1268 subsistunt
1025 1231 1077 1262 ac
1095 1214 1231 1260 lauta.
1303 1212 1588 1274 Quinetiam,
1635 1219 1684 1261 ut
1710 1231 1736 1261 e

269 1304 528 1372 quibusdam
558 1301 749 1366 putridis
774 1297 991 1356 materiis,
1020 1293 1156 1341 veluti
1179 1290 1330 1339 museo
1353 1298 1398 1339 et
1421 1293 1616 1353 zibetho,
1648 1292 1738 1339 ali-

270 1382 446 1450 quando
491 1381 647 1445 optimi
691 1379 850 1427 odores
896 1378 1191 1439 generantum
1233 1372 1297 1418 ita
1336 1377 1381 1418 et
1420 1372 1474 1418 ab
1511 1371 1738 1419 instantiis

268 1463 433 1510 vilibus
469 1465 513 1507 et
542 1459 752 1520 sordidis,
791 1454 1052 1522 quandoque
1090 1451 1256 1497 eximia
1291 1451 1372 1497 lux
1402 1455 1447 1497 et
1479 1449 1736 1498 informatio

269 1544 492 1590 emanant.

367 1617 535 1665 Verum
570 1614 623 1661 de
656 1613 742 1661 hoc
770 1612 901 1659 nimis
935 1611 1100 1669 multa,
1140 1624 1237 1655 eum
1274 1606 1361 1654 hoc
1391 1623 1532 1670 genus
1565 1607 1735 1654 fastidii

271 1699 330 1746 sit
354 1698 487 1762 plane
510 1694 681 1759 puerile
701 1698 745 1741 et
765 1691 1110 1740 effoeminatum.

917 1822 1097 1871 CXXI.

374 1921 439 1969 At
459 1919 512 1967 de
532 1919 613 1965 illo
640 1916 818 1964 omnino
848 1915 991 1978 magis
1015 1915 1222 1960 accurate
1252 1908 1593 1973 dispiciendum,
1625 1910 1743 1975 quod

272 2000 527 2066 plurima
575 1998 630 2042 in
672 1995 928 2042 historia
969 1996 1172 2039 nostra
1215 1988 1366 2052 captui
1413 1989 1613 2052 vulgari,
1664 1996 1742 2037 aut

274 2079 409 2127 etiam
451 2076 592 2124 cuivis
636 2074 916 2133 intellectui,
955 2072 1088 2118 rebus
1131 2068 1440 2132 praesentibus
1476 2067 1745 2129 assuefacto,

272 2157 626 2206 videbuntur
682 2153 956 2200 curiosae
1025 2146 1323 2212 cujusdam
1387 2151 1444 2193 et
1504 2145 1744 2194 inutilis

274 2233 657 2283 subtilitatis.

375 2314 534 2377 Itaque
557 2312 609 2358 de
631 2311 716 2357 hoe
746 2313 848 2355 ante
868 2306 1015 2353 omnia
1040 2310 1083 2353 et
1112 2304 1276 2350 dictum
1310 2307 1354 2350 et
1385 2301 1619 2349 dicendum
1653 2308 1747 2362 est3

276 2396 362 2443 hoc
403 2393 603 2440 seilicet:
649 2404 753 2435 nos
796 2387 907 2449 jam
953 2385 1057 2433 sub
1093 2382 1293 2430 initiis
1330 2387 1384 2429 et
1417 2379 1480 2427 ad
1511 2385 1747 2444 tempus,

275 2477 487 2521 tantum
524 2463 925 2516 LUGIFERA
975 2458 1594 2520 EXPERIMENTA,
1630 2476 1744 2506 non

277 2549 606 2599 fructifera
650 2559 960 2610 quaerere,
1007 2540 1069 2586 ad
1119 2539 1442 2602 exemplum
1491 2538 1748 2585 creatio-

278 2631 366 2678 nis
403 2627 663 2684 divinae,
699 2621 814 2686 quod
843 2620 1021 2683 saepius
1047 2618 1266 2678 diximus,
1301 2633 1413 2680 quae
1442 2617 1622 2680 primo
1657 2615 1746 2661 die

279 2712 463 2756 lucem
500 2709 715 2752 tantum
751 2698 1029 2764 produxit
1065 2697 1230 2760 eique
1262 2696 1376 2743 soli
1412 2711 1574 2741 unum
1606 2693 1747 2740 inte-

281 2804 436 2852 grum
490 2784 633 2831 diem
688 2777 996 2836 attribuit,
1045 2791 1228 2838 neque
1283 2774 1396 2820 illo
1444 2772 1536 2820 die
1588 2771 1750 2835 quid-

283 2883 438 2931 quam
474 2859 773 2910 materiati
805 2855 1005 2921 operis
1039 2852 1370 2900 immiscuit.

382 2944 591 3006 Itaque
625 2939 674 2987 si
712 2936 839 3002 quis
873 2930 1207 2980 istiusmodi
1243 2946 1333 2978 res
1368 2927 1591 2976 nullius
1622 2943 1750 2975 esse
