1947 3456
274 261 327 303 14
811 250 1216 292 PRAEFATIO.

377 373 573 432 Quarum
616 370 759 433 prima
792 365 1043 429 hujusmodi
1081 371 1176 412 est:
1212 362 1308 410 lieri
1342 362 1433 409 fato
1477 364 1664 426 quodam
1696 370 1741 410 ut

273 453 579 501 existinuunus
612 449 751 506 hono,
789 445 841 491 ad
874 444 1201 508 extinguendas
1234 450 1277 489 et
1314 441 1602 506 depellendas
1630 459 1742 491 con·-

273 532 565 580 tradictiones
597 532 640 574 et
676 532 872 572 tumores
916 525 1160 571 animorum
1178 556 1192 582 ,
1239 529 1295 568 ut
1337 527 1391 568 et
1436 521 1706 569 veteribu
1722 538 1744 567 s

274 613 453 658 honor
489 614 541 654 et
579 604 924 652 reverentia
958 605 1189 650 intacta
1224 606 1280 648 et
1313 600 1609 647 imminuta
1637 615 1744 646 rna-

275 695 473 742 neant,
520 691 576 732 et
612 699 714 729 nos
749 682 1060 729 destinata
1103 679 1433 744 perficere,
1467 684 1744 726 ettamen

276 785 353 815 1110
372 765 598 814 destiae
628 768 869 809 nostrae
902 762 1158 808 fructum
1198 758 1515 822 percipere
1551 760 1746 821 possi-

275 864 408 895 mus.
486 843 604 892 Nam
649 859 730 889 nos
746 876 760 902 ,
801 841 839 887 si
877 839 1197 904 profiteamur,
1237 853 1320 884 nos
1356 836 1546 884 meliora
1585 839 1746 884 afferre

277 943 405 992 quam
428 924 625 987 antiqui,
660 922 844 970 eandem
866 935 994 984 quam
1015 918 1085 964 illi
1112 917 1225 964 viam
1248 907 1458 979 ingressi,
1493 916 1620 962 nulla
1644 932 1748 964 ver-

273 1009 432 1053 borum
474 1010 570 1050 arte
608 1002 788 1050 efficere
826 999 1073 1063 possimus,
1118 997 1222 1060 quin
1255 995 1493 1042 inducatur
1533 994 1747 1059 quaedam

271 1084 475 1147 ingenii,
512 1083 579 1129 vel
615 1080 939 1138 excellentiae,
979 1077 1050 1123 vel
1086 1075 1316 1122 facultatis
1351 1075 1627 1138 comparatio
1653 1077 1748 1123 sive

278 1163 532 1219 ‹·ontentio;
570 1176 657 1207 non
688 1174 741 1206 ea
769 1157 944 1222 quidem
967 1156 1130 1202 illicita
1161 1158 1239 1200 aut
1259 1168 1391 1212 nova,
1427 1153 1599 1216 [quidni
1631 1155 1748 1202 enim

278 1243 498 1307 possimus
522 1257 602 1304 pro
630 1240 731 1303 jure
768 1243 941 1297 nostro,
991 1262 1058 1270 —
1100 1249 1244 1297 neque
1275 1248 1329 1279 eo
1361 1232 1461 1295 ipso
1496 1232 1585 1279 alio
1618 1249 1747 1296 quam

279 1323 490 1381 onmium,
513 1348 579 1354 -
601 1319 639 1365 si
663 1317 766 1381 quid
790 1315 904 1380 apud
929 1331 1005 1361 eos
1024 1329 1113 1360 non
1136 1316 1258 1359 recte
1278 1311 1503 1357 inventum
1527 1319 1603 1360 aut
1624 1313 1752 1376 posi-

278 1410 368 1449 tum
411 1401 496 1458 sit,
542 1395 868 1461 reprehendere
903 1400 978 1440 ant
1021 1397 1177 1439 notare
1189 1390 1231 1452 2]
1295 1389 1373 1437 sed
1410 1395 1556 1437 tamen
1586 1398 1751 1438 utcun-

279 1497 364 1545 que
384 1480 506 1543 justa
528 1483 603 1523 aut
626 1475 859 1540 permissa.
928 1470 1234 1518 Nihilominus
1254 1469 1400 1533 impar
1421 1468 1612 1517 fortasse
1636 1470 1753 1517 fuis-

280 1566 348 1608 set
369 1575 421 1606 00
447 1558 545 1621 ipsa
567 1553 822 1613 contentio,
856 1552 912 1598 011
941 1550 1100 1597 virium
1127 1553 1379 1595 nostrarum
1400 1547 1594 1595 modum.

384 1638 587 1684 Verum
625 1649 783 1697 quum
820 1646 923 1695 per
958 1644 1058 1675 nos
1093 1626 1241 1673 illud
1277 1633 1510 1689 agatur,
1546 1633 1605 1674 ut
1632 1627 1752 1673 alia

281 1716 505 1764 omnino
542 1715 634 1761 via
664 1708 1002 1759 intellectui
1030 1706 1361 1770 aperiatur,
1399 1706 1530 1753 illis
1564 1706 1752 1754 inten-

280 1802 406 1844 tata
443 1800 494 1842 et
530 1791 875 1855 incognita,
921 1791 1263 1844 commutata
1302 1786 1413 1849 jam
1450 1784 1610 1832 ratio
1647 1790 1753 1844 est,

283 1879 520 1924 cessant
556 1870 813 1918 studium
848 1872 902 1915 et
939 1872 1158 1931 partes,
1194 1881 1407 1929 nosque
1442 1862 1752 1912 INDICIS

283 1949 673 2002 tantummodo
704 1963 878 2011 perso
897 1963 1016 1992 nam
1064 1945 1457 2004 sustinemus,
1503 1942 1619 2007 quod
1656 1960 1755 1990 1110-

284 2032 450 2080 diocris
480 2036 601 2078 certe
633 2034 700 2075 est
732 2026 986 2073 autoritatis
1016 2031 1061 2073 et
1101 2025 1305 2071 fortunae
1339 2022 1568 2086 cujusdam
1604 2023 1753 2087 potius

283 2129 414 2177 quam
437 2109 665 2157 facultatis
689 2113 733 2155 ct
755 2105 1069 2155 excellentiae.

384 2191 534 2253 Atque
571 2189 598 2234 h
613 2204 711 2236 000
735 2186 892 2233 moniti
915 2183 1088 2248 species
1117 2181 1179 2228 ad
1218 2198 1246 2245 p
1262 2196 1431 2228 erson
1448 2196 1505 2227 as
1541 2180 1753 2244 pertinet,

285 2272 483 2318 altera
516 2267 579 2314 ad
614 2284 708 2314 res
745 2267 928 2330 ipsas.

384 2347 482 2395 Nos
513 2346 729 2410 siquidem
759 2345 813 2392 de
840 2340 1116 2391 deturbanda
1152 2356 1246 2400 ea,
1283 2355 1422 2404 quae
1458 2354 1605 2384 nunc
1640 2337 1757 2383 flo-

288 2435 377 2475 ret
422 2425 835 2491 philosophia,
883 2428 958 2468 aut
989 2421 1028 2467 si
1068 2436 1180 2483 quae
1217 2419 1307 2465 alia
1340 2418 1398 2464 sit
1432 2423 1508 2464 aut
1547 2417 1634 2464 erit
1671 2417 1755 2462 hac

286 2506 561 2555 emendatior
585 2510 661 2551 aut
687 2503 887 2561 auctior,
922 2499 1102 2546 minime
1125 2499 1396 2544 laboramus.
1463 2494 1622 2561 Neque
1640 2495 1756 2542 enim

288 2585 535 2644 efficimus,
569 2583 675 2647 quin
703 2579 990 2645 philosophia
1010 2579 1098 2624 ista
1117 2582 1300 2640 recepta
1326 2581 1369 2623 et
1392 2575 1508 2622 aliae
1528 2574 1573 2620 id
1595 2589 1754 2636 genus,

288 2663 612 2729 disputationes
635 2661 774 2720 alant,
808 2673 1034 2706 sermones
1061 2662 1235 2715 ornent,
1273 2654 1327 2702 ad
1357 2651 1631 2718 professoria
1654 2667 1757 2697 mu-

288 2760 398 2792 nera
432 2749 476 2790 et
521 2741 639 2788 vitae
673 2738 820 2786 civilis
854 2736 1117 2801 compendia
1158 2735 1453 2782 adhibeantur
1483 2735 1529 2778 et
1562 2730 1757 2777 valeant.

291 2823 557 2883 Quinetiam
577 2825 729 2884 aperte
754 2817 1058 2881 significamus
1080 2821 1125 2863 et
1145 2814 1441 2870 declaramuS,
1465 2825 1580 2871 eam,
1603 2825 1758 2873 quam

292 2920 390 2950 nos
426 2900 760 2949 adducimus
794 2894 1263 2960 philosophiam,
1299 2890 1356 2938 ad
1380 2890 1491 2938 istas
1509 2905 1583 2937 res
1603 2888 1760 2936 admo-
