1947 3456
271 290 335 333 (30
799 284 1224 329 VERULAMII

923 405 1081 452 LVII.

371 495 912 558 Contemplationes
950 502 1134 542 naturae
1165 501 1207 542 et
1244 510 1499 557 corporum,
1538 494 1584 541 in
1623 495 1735 542 sim·-

266 577 468 640 plicitatc
496 590 592 634 sua,
629 560 1000 620 intellectum
1036 573 1314 636 frangunt
1350 579 1406 620 et
1441 573 1735 620 comminu-

265 662 390 713 unt3
427 652 954 716 contemplationes
988 668 1093 698 vero
1115 658 1300 698 naturae
1331 658 1374 698 ct
1397 669 1650 716 corporum,
1693 653 1737 700 in

266 732 588 796 compositione
622 738 667 778 ct
700 731 1053 794 configuratione
1085 746 1182 790 sua,
1222 730 1585 778 intellectum
1617 737 1735 779 stu-

265 811 566 876 pefaciunt
603 816 657 857 ct
692 811 950 858 solvunt.

365 890 417 936 Id
451 890 616 953 optimc
648 889 846 936 cernitur
884 890 930 935 in
969 888 1143 938 schola
1177 888 1427 953 Leucippi
1457 895 1512 936 et
1539 888 1733 937 Demo-

265 971 412 1029 criti,
456 969 623 1015 coliata
654 984 751 1014 cum
788 968 973 1031 reliquis
1018 967 1330 1031 philosophiis.
1400 967 1488 1014 Illa
1518 967 1635 1014 enim
1669 967 1734 1014 ita

263 1054 466 1096 versatur
484 1048 529 1093 in
551 1047 783 1111 particulis
808 1063 971 1106 rerum,
999 1054 1047 1093 ut
1069 1046 1263 1093 fabricas
1283 1046 1377 1093 fere
1396 1046 1622 1109 negligat3
1655 1062 1733 1093 rc-

261 1129 410 1191 ]iquac
442 1134 585 1172 autem
617 1126 680 1171 ita
709 1126 902 1172 fabricas
939 1127 1167 1173 intuentur
1199 1126 1431 1184 attonitae,
1454 1131 1517 1172 ‘ut
1539 1125 1594 1172 ad
1621 1125 1733 1172 sim-

259 1207 506 1271 plicitatem
529 1210 714 1251 naturae
737 1222 824 1252 non
851 1211 1101 1268 penetrent.

360 1295 518 1359 Itaque
543 1295 829 1342 alternandae
851 1300 953 1341 sunt
984 1281 1382 1359 contemplationes
1401 1295 1531 1355 istae,
1569 1299 1614 1342 et
1651 1294 1729 1341 vi-

261 1375 449 1422 cissim
489 1374 808 1434 sumendae,
848 1380 907 1421 ut
942 1375 1198 1422 intellectus
1235 1374 1446 1421 reddatur
1475 1374 1607 1421 simul
1644 1390 1728 1437 pc-

259 1459 440 1500 netrans
477 1458 521 1500 et
555 1470 718 1517 capax,
758 1459 802 1500 et
836 1449 1132 1501 evitentur
1167 1470 1237 1513 ea,
1281 1469 1392 1516 quae
1426 1452 1619 1499 diximus
1655 1452 1730 1498 in-

259 1531 490 1579 commoda
513 1538 644 1595 atque
678 1531 838 1578 idola
875 1548 931 1578 ex
961 1532 1018 1578 iis
1052 1533 1376 1597 provenientia.

895 1655 1079 1704 LVIII.

361 1744 495 1791 Talis
518 1744 668 1807 itaque
692 1750 787 1791 esto
816 1746 1053 1809 prudentia
1085 1747 1429 1810 contemplativa
1453 1746 1498 1792 in
1521 1743 1725 1792 arcendis

258 1830 301 1871 et
337 1823 660 1870 summovendis
711 1822 994 1873 {DOLIS
1034 1825 1356 1888 SPECUS,
1405 1841 1518 1890 quae
1548 1828 1624 1871 ant
1660 1839 1726 1870 cx

255 1902 787 1967 praedominantia,
833 1911 909 1952 aut
948 1922 1014 1953 ex
1061 1922 1303 1953 excessu
1349 1903 1724 1968 compositio-

254 1982 343 2028 nis
401 1987 456 2027 et
498 1981 844 2044 divisionis,
894 1989 970 2030 aut
1018 2001 1085 2032 ex
1128 1985 1345 2033 studiis
1393 2001 1530 2047 erga
1584 1988 1724 2030 tem-

253 2082 412 2130 pora,
450 2072 526 2111 aut
562 2081 625 2111 ex
664 2063 917 2127 objectis
953 2064 1139 2127 largis
1175 2071 1230 2112 et
1265 2064 1499 2111 minutis
1532 2062 1723 2109 maxime

255 2152 397 2192 ortum
423 2144 602 2191 habent.
659 2143 946 2192 Generaliter
969 2150 1114 2191 autem
1137 2161 1220 2208 pro
1242 2149 1449 2208 suspecto
1473 2142 1722 2191 habendum

251 2223 489 2286 unicuique
511 2239 658 2270 rerum
680 2230 882 2270 naturam
905 2223 1241 2286 contemplanti,
1283 2222 1491 2287 quicquid
1512 2222 1724 2269 intellec-

253 2308 345 2348 tum
385 2318 511 2348 suum
552 2303 831 2366 potissimum
867 2299 988 2366 capit
1026 2308 1069 2350 et
1099 2302 1293 2360 detinet3
1330 2308 1544 2366 tantoque
1577 2301 1721 2364 major

252 2381 502 2428 adhihenda
535 2382 581 2427 in
619 2382 870 2444 hujusmodi
906 2382 1087 2446 placitis
1123 2387 1191 2430 cst
1224 2381 1391 2443 cautio,
1426 2387 1474 2429 ut
1509 2381 1721 2429 intellec-

251 2466 321 2506 tus
358 2466 558 2508 servetur
594 2477 760 2524 aequus
795 2468 840 2510 et
874 2478 1027 2525 purus.

907 2593 1043 2644 UX.

350 2683 425 2731 At·
466 2683 717 2732 IDOLA
769 2684 958 2732 FORI
1012 2687 1249 2734 omnium
1301 2684 1715 2752 nrolesti'ssima

250 2770 376 2824 sunt,
417 2781 528 2827 quac
563 2781 618 2811 ex
656 2763 835 2811 foedere
872 2765 1104 2812 verborum
1143 2773 1188 2813 et
1224 2766 1478 2825 nominum,
1525 2781 1573 2812 se
1605 2764 1715 2811 iusi-

251 2850 440 2889 num-unt
487 2843 533 2889 in
582 2843 872 2889 intellectum.
954 2843 1206 2891 Credunt
1253 2845 1396 2891 enim
1445 2845 1715 2903 homines,

250 2921 526 2969 rationem
558 2939 702 2968 suam
744 2924 928 2971 verbis
963 2925 1273 2988 imperarc;
1309 2926 1403 2974 sed
1439 2924 1508 2973 sit
1548 2926 1714 2973 etiam
