1947 3456
289 266 318 308 4
833 257 1219 298 nssolcsslo.

298 1434 344 1482 is
357 1450 377 1481 s
393 1448 434 1481 e.
506 1429 699 1479 Caetera
734 1445 823 1477 non
864 1427 1093 1477 illibenter
1135 1431 1395 1492 sequuntur.
1464 1425 1528 1473 At
1571 1430 1769 1474 versatur

297 1544 593 1611 proculdubio
615 1559 747 1591 casus
759 1577 774 1603 ,
811 1547 861 1590 ut
878 1541 1102 1606 loquimur
1113 1575 1130 1601 ,
1167 1546 1211 1587 et
1232 1539 1440 1603 quiddam
1473 1538 1600 1603 quasi
1621 1538 1770 1585 fortu-

295 1660 435 1720 itum,
470 1673 561 1705 non
582 1655 729 1703 minus
751 1654 797 1701 in
817 1653 874 1701 iis
887 1687 904 1715 ,
940 1669 1052 1717 quae
1093 1669 1117 1700 c
1131 1670 1155 1699 ο
1168 1652 1223 1716 gi
1237 1658 1292 1700 ta
1304 1658 1362 1699 nt
1392 1651 1608 1710 homines,
1638 1665 1769 1715 quam

296 1773 343 1819 in
364 1771 450 1832 iis,
499 1784 612 1834 quae
658 1783 726 1830 ag
740 1772 839 1813 unt
886 1771 963 1814 aut
1009 1767 1063 1813 lo
1077 1770 1256 1830 quunt
1272 1782 1352 1812 ur.
1442 1762 1613 1811 Verum
1652 1763 1770 1809 hune

297 1900 449 1933 casum
473 1881 528 1930 de
552 1897 638 1945 quo
657 1880 819 1944 loquor
830 1914 846 1940 ,
882 1879 947 1927 ita
967 1878 1163 1942 intelligi
1188 1879 1288 1926 volo
1302 1912 1318 1939 ,
1353 1882 1403 1925 ut
1423 1876 1463 1924 si
1486 1874 1591 1940 quid
1614 1875 1660 1921 in
1695 1874 1769 1923 his

299 2012 413 2062 quae
445 1994 583 2042 affero
611 1993 671 2041 sit
703 1993 810 2040 boni
823 2025 839 2052 ‚
874 1991 920 2038 id
943 1991 1184 2040 immensae
1208 1990 1323 2038 Mis
1336 2007 1392 2038 er
1408 1990 1461 2037 ic
1474 2005 1500 2036 o
1513 2005 1536 2034 r
1547 1986 1638 2034 dia
1655 2003 1680 2035 e
1715 2003 1739 2035 e
1752 1992 1769 2034 i:

297 2110 339 2157 B
353 2127 378 2158 o
389 2109 507 2156 nita
519 2112 537 2154 t
549 2106 566 2153 i
610 2105 654 2153 D
669 2105 684 2152 i
697 2104 749 2152 vi
763 2121 792 2151 n
803 2121 829 2151 a
841 2121 865 2152 e
922 2109 967 2152 et
1021 2104 1230 2152 felicitati
1273 2111 1522 2166 temporum
1563 2099 1770 2148 Tuorum

299 2223 538 2281 tribuatur,
575 2219 648 2267 cui
670 2223 714 2267 et
736 2217 860 2265 vivus
882 2216 1172 2281 integerrimo
1195 2217 1357 2265 affectu
1381 2212 1559 2272 servivi,
1579 2217 1624 2261 et
1646 2228 1772 2260 mor-

300 2341 402 2383 tuus
429 2335 622 2382 fortasse
668 2331 727 2378 id
772 2330 1035 2378 effecero
1055 2364 1071 2391 ,
1127 2334 1186 2376 ut
1239 2329 1350 2376 illa
1396 2325 1770 2392 posteritati,

299 2464 328 2495 n
345 2462 447 2495 ova
481 2446 591 2492 hac
626 2459 871 2491 accensa
905 2443 1034 2490 face
1065 2443 1121 2489 in
1156 2439 1498 2507 philosophi
1515 2455 1576 2488 ae
1612 2443 1769 2487 tene-

299 2560 447 2620 bris,
475 2557 829 2622 praelucere
873 2555 1127 2619 possint.

392 2670 563 2720 Merito
597 2674 744 2716 autem
771 2668 1047 2733 temporibus
1077 2667 1198 2731 regis
1235 2665 1431 2714 omnium
1448 2657 1767 2726 sapientissimi

300 2790 345 2833 et
391 2782 639 2833 doctissimi
694 2781 1069 2846 regeneratio
1126 2780 1241 2828 ista
1285 2783 1340 2826 et
1394 2778 1450 2824 in
1465 2780 1594 2824 stau
1609 2774 1765 2823 ratio

297 2898 678 2944 scientiarum
715 2895 913 2943 debetur.
