1947 3456
300 435 420 479 1813.
442 434 509 489 8,]
550 433 741 477 omnium
767 432 888 476 Novi
911 431 1089 492 Organi
1109 432 1448 493 particularum,
1484 446 1598 492 quae
1623 434 1789 480 hucus-

296 544 382 589 que
402 530 670 589 indisposite
694 529 956 589 dispersae7
993 542 1079 573 nec
1102 529 1205 573 dum
1237 530 1283 573 in
1320 529 1523 575 ordinem
1554 536 1684 575 erant
1715 545 1792 576 re·-

295 627 481 689 ductae7
519 627 731 687 collegit,
769 625 1101 671 Abecedarium
1124 628 1326 671 Naturae
1359 610 1582 688 restituit,
1621 628 1792 687 ipsum-

295 738 382 782 que
424 728 596 768 textum
652 725 709 768 ab
741 724 986 768 innumeris
1018 722 1195 768 mendis
1228 724 1510 786 repurgavit.
1606 725 1705 781 Qua
1735 725 1792 770 de

295 836 433 867 causa
474 823 756 866 Prooemium
800 826 934 879 atque
979 821 1238 865 Delineatio
1284 825 1330 865 et
1366 822 1696 881 Argumentum
1731 836 1790 867 ex

293 919 541 978 Impetibus
572 917 896 977 philosophicis
928 918 1079 962 Isaaci
1113 916 1323 978 Gruteri‚
1356 930 1453 962 cum
1489 918 1791 964 Dedicatione

295 1022 340 1062 et
360 1016 678 1076 Praefatione,
709 1015 794 1059 hac
819 1015 865 1058 in
888 1028 1008 1059 nova
1034 1014 1258 1076 editione,
1281 1014 1654 1073 Aphorismorum
1674 1016 1790 1060 libro

294 1114 460 1174 primo,
492 1127 573 1157 suo
595 1112 803 1171 quodque
837 1113 935 1156 loeo
971 1112 1209 1171 praefixit3
1249 1111 1450 1162 secundo
1480 1116 1628 1156 autem
1660 1113 1790 1157 Artis

293 1210 568 1255 Inveniendi
593 1210 794 1254 Tabulas
824 1208 1059 1253 ordinatas
1103 1207 1285 1270 adjecit.
1360 1207 1486 1263 Quae
1523 1209 1663 1254 editio
1694 1210 1791 1254 ele-

293 1308 477 1370 gantior
499 1308 575 1351 illa
598 1312 642 1352 et
665 1307 936 1366 correctior,
973 1311 1021 1349 ut
1042 1304 1193 1349 studio
1222 1306 1267 1349 in
1292 1306 1474 1350 intimos
1502 1307 1607 1351 libri
1633 1319 1791 1352 reces-

293 1419 373 1449 sus
406 1405 664 1464 penetranti
695 1408 820 1448 esset
858 1402 1215 1463 accomodatior7
1264 1402 1383 1446 filum
1423 1405 1625 1462 opusculi
1669 1405 1791 1465 typis

294 1503 427 1547 elatis
461 1501 747 1561 sublevavit,
794 1514 943 1545 rerum
988 1500 1034 1542 in
1079 1499 1169 1543 fine
1216 1499 1420 1556 cujusvis
1457 1501 1611 1562 unius,
1656 1506 1791 1561 atque

293 1599 564 1658 editionum,
619 1598 780 1656 quibus
818 1597 966 1642 SAN
980 1594 1017 1640 C
1031 1596 1103 1639 TI
1143 1597 1442 1640 ALBANI
1488 1611 1628 1656 opera
1668 1612 1791 1643 com-

293 1699 564 1756 paruerunt,
600 1695 647 1739 in
674 1694 762 1739 fine
782 1693 971 1739 secundi
1005 1694 1109 1738 libri
1145 1692 1301 1738 addito
1334 1694 1498 1739 indice.
1570 1695 1699 1740 Haec
1729 1700 1789 1758 te,

294 1795 369 1853 qui
404 1794 489 1838 liae
526 1792 714 1836 mirifica
753 1791 873 1836 clavi
907 1790 967 1834 ad
1001 1789 1280 1835 recludenda
1325 1795 1516 1836 naturae
1556 1796 1601 1836 et
1647 1793 1789 1836 omnis

292 1892 512 1936 scientiae
545 1890 866 1949 potentiaeque
917 1888 1136 1932 humanae
1178 1889 1431 1946 penetralia
1472 1893 1623 1951 utere,
1666 1889 1788 1935 scire

292 1989 435 2041 voluit
457 1993 503 2033 et
526 1987 644 2032 idem
667 1987 883 2030 collector
905 1991 1041 2043 atque
1064 1984 1225 2031 editor.

541 2194 635 2232 Dat.
678 2193 768 2231 Hal.
815 2192 932 2231 Febr.

347 2278 426 2318 Λῦ.
461 2277 556 2319 Chr.
591 2277 709 2317 Doni.
744 2276 1156 2318 MDCCCXXXVII.
