2064 3490
506 713 1407 771 PnooEMIUM.

203 897 377 986 Ego,
408 937 533 969 cum
578 938 657 970 me
699 921 766 969 ad
818 922 1126 969 utilitates
1175 922 1451 968 humanas
1499 923 1693 967 natum

204 990 632 1052 existimarem,
665 996 710 1039 et
733 1007 885 1038 curam
913 990 1193 1055 reipublicae
1230 990 1349 1037 inter
1379 1005 1432 1037 ea
1456 1004 1555 1038 esse
1581 1003 1695 1052 quae

204 1060 376 1126 publici
419 1065 524 1107 sunt
565 1059 684 1124 juris
729 1065 774 1108 et
823 1060 944 1108 velut
980 1058 1143 1106 undam
1183 1064 1259 1106 aut
1297 1074 1451 1105 auram
1490 1058 1696 1105 omnibus

204 1135 361 1194 patere
397 1128 742 1207 interpretarer?
780 1134 825 1176 et
859 1127 966 1193 quid
993 1128 1250 1175 hominibus
1283 1128 1479 1175 maxime
1519 1125 1695 1174 condu-

205 1215 308 1246 cere
345 1204 498 1262 posset
534 1198 816 1262 quaesivi,
863 1204 908 1246 et
944 1197 1001 1244 ad
1027 1197 1131 1262 quid
1169 1197 1267 1262 ipse
1292 1213 1317 1244 a
1340 1203 1502 1244 natura
1526 1196 1693 1261 optime

205 1268 353 1315 factus
389 1283 535 1314 essem
573 1267 839 1315 deliberavi.

310 1335 538 1383 Inveni
588 1342 803 1396 autem,
850 1335 933 1382 nil
972 1333 1124 1382 tanti
1161 1349 1292 1382 esse
1328 1349 1469 1396 erga
1515 1349 1694 1396 genus

204 1406 501 1453 humanum
547 1405 777 1465 meriti,
833 1421 993 1469 quain
1054 1419 1329 1451 novarum
1391 1418 1581 1450 rerum
1639 1410 1695 1452 et

203 1474 446 1534 artium,
502 1474 711 1537 quibus
748 1474 1034 1520 bominum
1074 1472 1194 1519 vita
1243 1471 1575 1532 excolatur,
1613 1472 1696 1519 ἰη-

206 1543 528 1591 ventionem
572 1548 626 1590 et
670 1547 1187 1589 auctoramentum.
1267 1539 1388 1589 Nam
1438 1545 1483 1588 et
1532 1541 1697 1605 priscis

201 1613 480 1676 temporibus
519 1610 639 1676 apud
671 1611 873 1658 homines
901 1610 1053 1670 rudes,
1091 1609 1265 1656 rudium
1304 1626 1455 1657 rerum
1490 1609 1697 1657 inven-

204 1689 367 1729 tores
422 1689 468 1730 et
526 1687 957 1728 monstratores
1008 1687 1299 1726 consecratos
1359 1679 1499 1725 fuisse
1547 1684 1590 1726 et
1650 1680 1696 1726 in

203 1749 389 1799 deorum
420 1767 654 1798 numerum
689 1755 868 1814 optatos
897 1748 1224 1808 animadverti,
1273 1752 1318 1794 et
1355 1753 1458 1794 acta
1493 1746 1698 1809 heroum,

205 1819 282 1884 qui
305 1821 373 1866 vel
405 1821 538 1867 urbes
575 1818 890 1880 condiderunt,
929 1819 997 1867 vel
1034 1819 1184 1882 legum
1205 1817 1376 1864 latores
1409 1816 1698 1877 exstiterunt,

207 1889 278 1936 vel
305 1890 430 1953 justa
449 1888 641 1953 imperia
671 1893 999 1948 exercuerunt,
1036 1887 1108 1934 vel
1143 1886 1337 1950 injustas
1369 1885 1698 1934 dominationes

207 1957 516 2018 debellarunt,
574 1958 779 2006 locorum
836 1962 882 2005 et
932 1962 1183 2021 temporum
1232 1955 1454 2018 angustiis
1499 1954 1698 2002 circum-

207 2028 378 2091 scripta
436 2044 535 2075 esse
595 2028 765 2075 notavi.
846 2027 1019 2074 Rerum
1076 2030 1224 2072 autem
1278 2023 1697 2084 inventionem,

207 2098 317 2145 licet
350 2097 538 2144 minoris
564 2112 754 2161 pompae
785 2097 843 2143 sit
879 2112 971 2157 res,
1009 2093 1065 2142 ad
1092 2093 1448 2141 universalitatis
1482 2099 1527 2140 et
1548 2098 1699 2142 aeter-

207 2166 364 2214 nitatis
412 2166 633 2213 rationem
679 2166 824 2229 magis
861 2163 1243 2213 accommodatam
1281 2179 1380 2210 esse
1417 2163 1590 2211 censui.
1640 2194 1642 2196 -

310 2237 435 2284 Ante
471 2236 622 2283 omnia
658 2252 790 2296 vero,
837 2237 876 2282 si
917 2234 1017 2300 quis
1053 2249 1145 2280 non
1190 2232 1468 2297 particulare
1515 2231 1698 2296 aliquod

211 2305 439 2353 inventum
488 2304 599 2353 licet
641 2321 830 2368 magnae
867 2302 1079 2352 utilitatis
1116 2307 1272 2362 eruat,
1320 2300 1399 2349 sed
1445 2302 1492 2348 in
1537 2306 1699 2348 natura

210 2374 362 2422 lumen
398 2374 645 2436 accendat,
684 2373 800 2439 quod
847 2379 949 2421 ortu
997 2373 1098 2437 ipso
1136 2387 1239 2418 oras
1270 2386 1438 2431 1··e1um,
1476 2387 1590 2436 quae
1626 2386 1699 2418 res

208 2444 303 2509 jam
338 2443 544 2491 inventas
579 2444 865 2508 contingunt,
901 2442 1119 2502 illustr,et
1156 2439 1260 2488 dein
1296 2439 1434 2504 paulo
1470 2445 1574 2505 post
1603 2439 1700 2487 ele-

217 2518 361 2560 vatum
387 2513 724 2561 abstrusissima
745 2528 948 2578 quaeque
974 2508 1222 2576 patefaciat
1252 2514 1298 2556 et
1332 2509 1380 2555 in
1410 2514 1699 2574 conspectum

212 2583 306 2642 det,
340 2581 381 2628 is
418 2582 528 2628 mihi
563 2583 795 2630 humani
830 2582 887 2629 in
923 2581 1262 2628 universum
1300 2578 1538 2643 imperii
1567 2594 1702 2643 pro-

215 2669 266 2717 p
256 2657 493 2715 igatoi
531 2651 834 2701 libertatis
863 2649 1109 2711 vindex,
1147 2648 1575 2697 necessitatum
1613 2664 1701 2695 ex²

217 2728 512 2786 pugnator
552 2722 671 2770 visus
708 2727 791 2770 est.

320 2790 402 2840 Me
437 2792 585 2856 ipsum
622 2797 769 2839 autem
808 2789 863 2836 ad
894 2786 1097 2837 veritatis
1136 2786 1541 2850 contemplationes
1573 2799 1703 2848 quam

210 2859 273 2908 ad
313 2860 404 2909 alia
439 2862 583 2924 magis
622 2859 918 2908 fabrefactum
955 2855 1276 2934 deprehendi&
1302 2861 1351 2902 nt
1403 2855 1477 2918 qui
1515 2856 1703 2900 mentem

220 2936 264 2979 et
303 2929 358 2978 ad
394 2947 544 2980 lerum
581 2928 922 2979 similitudinem
971 2925 1112 2992 [quod
1159 2925 1399 2972 maximum
1432 2922 1520 2985 est]
1562 2937 1705 2985 agno==
