1947 3456
319 294 382 337 0&
877 287 1297 332 VERULAMII

323 412 440 460 nitas
464 409 702 457 inhibenda
725 409 843 455 venit
862 414 907 455 et
925 407 1188 468 coercenda,
1225 406 1330 470 quia
1364 421 1429 452 ex
1465 403 1782 452 divinorum

323 496 380 538 et
413 491 778 536 humanorum
818 487 1107 533 malesana
1142 486 1514 543 admistione,
1554 497 1662 528 non
1696 497 1783 527 so-

321 570 432 615 lum
480 567 748 614 educitur
791 563 1172 628 philosophia
1215 562 1626 627 phantastica,
1686 558 1783 606 sed

322 648 489 695 etiam
527 644 745 706 religio
787 642 1101 689 haeretica.

422 723 625 786 Itaque
667 722 861 767 salutare
883 720 1113 767 admodum
1134 724 1216 778 est,
1240 719 1277 765 si
1300 723 1445 766 mente
1468 717 1618 765 sobria
1639 715 1782 762 fidei

321 807 538 850 tantum
575 800 784 846 dentur
821 814 959 861 quae
992 797 1135 845 fidei
1171 802 1317 845 sunt.

953 920 1136 968 LXVI.

423 1011 486 1060 Et
505 1012 558 1059 de
591 1014 720 1060 malis
750 1011 1063 1059 autoritatibus
1094 1009 1501 1073 philosophiarum,
1540 1021 1650 1069 quae
1690 1010 1781 1051 aut

320 1094 379 1139 in
411 1093 753 1154 vulgaribus
782 1089 1137 1148 notionibus,
1176 1088 1353 1134 autin
1389 1088 1589 1149 paucis
1619 1102 1783 1150 expc-

320 1171 617 1229 rimentis,
665 1168 846 1215 autin
896 1167 1324 1230 superstitione
1354 1165 1628 1212 fundatae
1664 1171 1783 1225 suut,

315 1256 406 1312 jam
443 1248 608 1294 dictum
643 1253 726 1294 est.

420 1325 671 1372 Dicendum
723 1340 857 1388 porro
909 1329 977 1370 est
1031 1328 1087 1370 et
1145 1322 1211 1369 de
1268 1321 1486 1368 vitiosa
1540 1321 1782 1368 materia

319 1404 903 1467 contemplationum,
960 1402 1221 1465 praesertim
1268 1401 1314 1446 in
1370 1401 1652 1464 philosophia
1697 1417 1781 1446 na-

316 1481 469 1528 turali.

418 1559 626 1606 Inficitur
647 1564 791 1605 autem
821 1556 1076 1603 intellectus
1098 1556 1314 1604 humanus
1340 1574 1395 1605 ex
1424 1558 1587 1605 intuitu
1611 1573 1780 1616 eorum,

319 1637 493 1700 quaein
535 1638 704 1683 artibus
740 1635 1010 1683 mechanicis
1048 1634 1175 1694 fiunt,
1212 1635 1258 1681 in
1288 1637 1445 1699 quibus
1483 1651 1672 1699 corpora
1703 1651 1781 1698 per

317 1716 661 1778 compositiones
700 1720 775 1761 aut
813 1715 1117 1777 separationes
1154 1719 1201 1761 ut
1236 1714 1472 1776 plurimum
1517 1715 1779 1774 alterantur,

317 1800 364 1840 ut
387 1794 569 1856 cogitet,
605 1793 750 1840 simile
774 1792 979 1855 quiddam
1005 1793 1136 1839 etiam
1168 1793 1215 1839 in
1241 1798 1400 1841 natura
1427 1809 1572 1840 rerum
1596 1793 1778 1839 univer-

314 1872 401 1919 sali
432 1872 545 1919 fieri.
616 1871 746 1918 Unde
774 1871 904 1917 fluxit
937 1878 1231 1919 commentum
1261 1872 1373 1918 illud
1411 1872 1778 1920 elementorum

314 1949 455 2013 deque
489 1951 669 1996 illorum
698 1967 953 1998 concursu
991 1950 1045 1996 ad
1080 1951 1391 1998 constituenda
1423 1967 1613 2015 corpora
1649 1957 1776 1998 natu-

310 2027 442 2075 ralia.

410 2105 604 2165 Rursus,
643 2122 775 2168 quum
797 2105 928 2152 homo
952 2110 1137 2153 naturae
1165 2106 1414 2154 libertatem
1437 2109 1775 2171 contempletur,

310 2183 469 2230 incidit
487 2184 534 2229 in
560 2184 732 2247 species
757 2202 947 2243 rerum,
983 2185 1296 2245 animalium,
1325 2186 1652 2252 plantarum,
1685 2187 1777 2235 mi-

292 2260 563 2310 'neralz'um
575 2281 597 2320 ‚·
635 2262 749 2308 unde
787 2263 921 2310 facile
950 2264 996 2310 in
1031 2281 1126 2311 eam
1158 2266 1324 2312 labitur
1357 2265 1690 2327 cogitationem,
1727 2271 1774 2312 ut

311 2340 552 2400 existimet,
572 2357 668 2387 esse
691 2341 736 2386 in
757 2347 916 2387 natura
937 2343 1145 2406 quasdam
1168 2345 1333 2391 formas
1353 2360 1499 2391 rerum
1521 2344 1774 2407 primarias,

311 2434 418 2480 quas
440 2425 598 2466 natura
629 2419 819 2467 educere
858 2422 1084 2482 moliatur,
1122 2429 1252 2486 atque
1278 2423 1494 2486 reliquam
1516 2423 1775 2470 varietatem

309 2512 366 2542 ex
406 2496 732 2559 impedimentis
769 2504 813 2545 et
847 2500 1203 2548 aboi-rationibus
1239 2507 1424 2548 naturae
1456 2501 1502 2547 in
1535 2518 1669 2565 opere
1693 2518 1773 2548 suo

310 2573 603 2635 conficiendo,
642 2582 717 2624 aut
762 2593 819 2624 ex
864 2577 1137 2625 diversarum
1177 2579 1425 2642 specierum
1472 2581 1681 2627 conflictu
1727 2585 1772 2626 et

307 2653 708 2715 transplantatione
733 2655 918 2702 alterius
939 2656 983 2702 in
1010 2658 1213 2718 alteram,
1248 2658 1501 2721 provenire.

406 2730 556 2793 Atque
585 2731 729 2794 prima
761 2733 1001 2794 cogitatio,
1051 2736 1376 2798 qualitates
1405 2735 1618 2799 primas
1655 2735 1769 2781 ele-

306 2813 621 2870 mentares,
679 2811 875 2857 secunda
928 2814 1336 2877 proprietates
1397 2813 1671 2860 occultas
1726 2818 1770 2860 ct

310 2885 554 2934 virtutes
602 2889 928 2952 specificas
961 2892 1090 2939 nobis
1135 2891 1328 2955 peperit,
1365 2908 1549 2956 quarum
1577 2896 1769 2955 utraque
