<?xml version="1.0" encoding="UTF-8"?>
<!DOCTYPE html PUBLIC "-//W3C//DTD XHTML 1.0 Transitional//EN"
    "http://www.w3.org/TR/xhtml1/DTD/xhtml1-transitional.dtd">
<html xmlns="http://www.w3.org/1999/xhtml" xml:lang="en" lang="en">
 <head>
  <title>
</title>
<meta http-equiv="Content-Type" content="text/html;charset=utf-8" />
  <meta name='ocr-system' content='tesseract 3.04.00' />
  <meta name='ocr-capabilities' content='ocr_page ocr_carea ocr_par ocr_line ocrx_word'/>
</head>
<body>
  <div class='ocr_page' id='page_1' title='image "./franciscibaconid01baco/franciscibaconid01baco_0088.png"; bbox 0 0 1947 3456; ppageno 0'>
   <div class='ocr_carea' id='block_1_1' title="bbox 308 284 1210 330">
    <p class='ocr_par' dir='ltr' id='par_1_1' title="bbox 308 284 1210 330">
     <span class='ocr_line' id='line_1_1' title="bbox 308 284 1210 330; baseline -0.003 0"><span class='ocrx_word' id='word_1_1' title='bbox 308 286 372 330; x_wconf 63' lang='lat'>82</span> <span class='ocrx_word' id='word_1_2' title='bbox 757 284 1210 328; x_wconf 85' lang='lat' dir='ltr'>-VERULAMII</span> 
     </span>
    </p>
   </div>
   <div class='ocr_carea' id='block_1_2' title="bbox 305 402 1770 1235">
    <p class='ocr_par' dir='ltr' id='par_1_2' title="bbox 305 402 1770 1235">
     <span class='ocr_line' id='line_1_2' title="bbox 408 402 1765 463; baseline -0.001 -12"><span class='ocrx_word' id='word_1_3' title='bbox 408 404 567 451; x_wconf 89' lang='lat' dir='ltr'>Illud</span> <span class='ocrx_word' id='word_1_4' title='bbox 605 404 737 452; x_wconf 84' lang='lat' dir='ltr'>etiam</span> <span class='ocrx_word' id='word_1_5' title='bbox 774 404 840 451; x_wconf 88' lang='lat' dir='ltr'>de</span> <span class='ocrx_word' id='word_1_6' title='bbox 887 421 1172 453; x_wconf 88' lang='lat' dir='ltr'>consensu</span> <span class='ocrx_word' id='word_1_7' title='bbox 1218 403 1378 450; x_wconf 83' lang='lat' dir='ltr'>fallit</span> <span class='ocrx_word' id='word_1_8' title='bbox 1414 402 1691 463; x_wconf 87' lang='lat' dir='ltr'>homines,</span> <span class='ocrx_word' id='word_1_9' title='bbox 1726 404 1765 450; x_wconf 86' lang='lat' dir='ltr'>si</span> 
     </span>
     <span class='ocr_line' id='line_1_3' title="bbox 308 482 1765 546; baseline -0.001 -16"><span class='ocrx_word' id='word_1_10' title='bbox 308 484 481 531; x_wconf 85' lang='lat' dir='ltr'>acutius</span> <span class='ocrx_word' id='word_1_11' title='bbox 505 500 596 530; x_wconf 89' lang='lat' dir='ltr'>rem</span> <span class='ocrx_word' id='word_1_12' title='bbox 634 482 962 546; x_wconf 82' lang='lat' dir='ltr'>introspiciant.</span> <span class='ocrx_word' id='word_1_13' title='bbox 1032 483 1213 530; x_wconf 85' lang='lat' dir='ltr'>Verus</span> <span class='ocrx_word' id='word_1_14' title='bbox 1261 482 1408 529; x_wconf 90' lang='lat' dir='ltr'>enim</span> <span class='ocrx_word' id='word_1_15' title='bbox 1452 498 1765 529; x_wconf 81' lang='lat' dir='ltr'><strong>consensus</strong></span> 
     </span>
     <span class='ocr_line' id='line_1_4' title="bbox 307 560 1766 624; baseline -0.001 -16"><span class='ocrx_word' id='word_1_16' title='bbox 307 563 354 609; x_wconf 91' lang='lat' dir='ltr'>is</span> <span class='ocrx_word' id='word_1_17' title='bbox 389 568 505 621; x_wconf 88' lang='lat' dir='ltr'>est,</span> <span class='ocrx_word' id='word_1_18' title='bbox 543 561 633 624; x_wconf 90' lang='lat' dir='ltr'>qui</span> <span class='ocrx_word' id='word_1_19' title='bbox 671 577 736 607; x_wconf 83' lang='lat' dir='ltr'>ex</span> <span class='ocrx_word' id='word_1_20' title='bbox 776 560 1059 608; x_wconf 90' lang='lat' dir='ltr'>libertate</span> <span class='ocrx_word' id='word_1_21' title='bbox 1082 561 1319 623; x_wconf 89' lang='lat' dir='ltr'>judicii,</span> <span class='ocrx_word' id='word_1_22' title='bbox 1364 577 1423 607; x_wconf 88' lang='lat' dir='ltr'>re</span> <span class='ocrx_word' id='word_1_23' title='bbox 1465 560 1626 623; x_wconf 90' lang='lat' dir='ltr'>prius</span> <span class='ocrx_word' id='word_1_24' title='bbox 1670 575 1766 607; x_wconf 81' lang='lat' dir='ltr'>ex-</span> 
     </span>
     <span class='ocr_line' id='line_1_5' title="bbox 306 638 1767 704; baseline -0.001 -17"><span class='ocrx_word' id='word_1_25' title='bbox 306 642 564 704; x_wconf 86' lang='lat' dir='ltr'>plorata,</span> <span class='ocrx_word' id='word_1_26' title='bbox 614 639 670 684; x_wconf 91' lang='lat' dir='ltr'>in</span> <span class='ocrx_word' id='word_1_27' title='bbox 716 639 863 686; x_wconf 89' lang='lat' dir='ltr'>idem</span> <span class='ocrx_word' id='word_1_28' title='bbox 908 639 1290 686; x_wconf 87' lang='lat' dir='ltr'>conveniente</span> <span class='ocrx_word' id='word_1_29' title='bbox 1335 639 1630 686; x_wconf 80' lang='lat' dir='ltr'>consistit.</span> <span class='ocrx_word' id='word_1_30' title='bbox 1702 638 1767 685; x_wconf 86' lang='lat' dir='ltr'>At</span> 
     </span>
     <span class='ocr_line' id='line_1_6' title="bbox 306 716 1770 781; baseline -0.001 -17"><span class='ocrx_word' id='word_1_31' title='bbox 306 734 514 765; x_wconf 90' lang='lat' dir='ltr'>numerus</span> <span class='ocrx_word' id='word_1_32' title='bbox 534 718 666 779; x_wconf 82' lang='lat' dir='ltr'>longe</span> <span class='ocrx_word' id='word_1_33' title='bbox 698 718 916 764; x_wconf 83' lang='lat' dir='ltr'>maximus</span> <span class='ocrx_word' id='word_1_34' title='bbox 937 733 1107 777; x_wconf 87' lang='lat' dir='ltr'>eorum,</span> <span class='ocrx_word' id='word_1_35' title='bbox 1157 716 1232 779; x_wconf 93' lang='lat' dir='ltr'>qui</span> <span class='ocrx_word' id='word_1_36' title='bbox 1263 717 1308 763; x_wconf 88' lang='lat' dir='ltr'>in</span> <span class='ocrx_word' id='word_1_37' title='bbox 1328 717 1629 766; x_wconf 83' lang='lat' dir='ltr'>Aristotelis</span> <span class='ocrx_word' id='word_1_38' title='bbox 1663 716 1770 781; x_wconf 87' lang='lat' dir='ltr'>phi-</span> 
     </span>
     <span class='ocr_line' id='line_1_7' title="bbox 305 794 1768 860; baseline -0.001 -17"><span class='ocrx_word' id='word_1_39' title='bbox 305 795 554 860; x_wconf 87' lang='lat' dir='ltr'>losophiam</span> <span class='ocrx_word' id='word_1_40' title='bbox 595 801 942 855; x_wconf 83' lang='lat' dir='ltr'>consenserunt,</span> <span class='ocrx_word' id='word_1_41' title='bbox 1008 812 1066 842; x_wconf 82' lang='lat' dir='ltr'>ex</span> <span class='ocrx_word' id='word_1_42' title='bbox 1112 794 1389 858; x_wconf 87' lang='lat' dir='ltr'>praejudicio</span> <span class='ocrx_word' id='word_1_43' title='bbox 1434 801 1479 842; x_wconf 92' lang='lat' dir='ltr'>et</span> <span class='ocrx_word' id='word_1_44' title='bbox 1529 797 1768 842; x_wconf 82' lang='lat' dir='ltr'>autoritate</span> 
     </span>
     <span class='ocr_line' id='line_1_8' title="bbox 306 873 1769 937; baseline 0 -16"><span class='ocrx_word' id='word_1_45' title='bbox 306 875 496 922; x_wconf 88' lang='lat' dir='ltr'>aliorum</span> <span class='ocrx_word' id='word_1_46' title='bbox 556 891 603 921; x_wconf 90' lang='lat' dir='ltr'>se</span> <span class='ocrx_word' id='word_1_47' title='bbox 642 874 711 920; x_wconf 90' lang='lat' dir='ltr'>illi</span> <span class='ocrx_word' id='word_1_48' title='bbox 750 874 1043 937; x_wconf 83' lang='lat' dir='ltr'>mancipavit3</span> <span class='ocrx_word' id='word_1_49' title='bbox 1090 879 1138 920; x_wconf 90' lang='lat' dir='ltr'>ut</span> <span class='ocrx_word' id='word_1_50' title='bbox 1167 874 1418 936; x_wconf 83' lang='lat' dir='ltr'>sequacitas</span> <span class='ocrx_word' id='word_1_51' title='bbox 1453 873 1513 920; x_wconf 89' lang='lat' dir='ltr'>sit</span> <span class='ocrx_word' id='word_1_52' title='bbox 1548 874 1694 937; x_wconf 90' lang='lat' dir='ltr'>potius</span> <span class='ocrx_word' id='word_1_53' title='bbox 1725 880 1769 921; x_wconf 90' lang='lat' dir='ltr'>et</span> 
     </span>
     <span class='ocr_line' id='line_1_9' title="bbox 306 951 1770 1017; baseline -0.002 -17"><span class='ocrx_word' id='word_1_54' title='bbox 306 953 461 1013; x_wconf 92' lang='lat' dir='ltr'>coitio,</span> <span class='ocrx_word' id='word_1_55' title='bbox 481 969 610 1017; x_wconf 85' lang='lat' dir='ltr'>quam</span> <span class='ocrx_word' id='word_1_56' title='bbox 634 969 892 1000; x_wconf 85' lang='lat' dir='ltr'>consensus.</span> <span class='ocrx_word' id='word_1_57' title='bbox 940 951 1070 1011; x_wconf 74' lang='lat' dir='ltr'>Quod</span> <span class='ocrx_word' id='word_1_58' title='bbox 1089 952 1128 998; x_wconf 93' lang='lat' dir='ltr'>si</span> <span class='ocrx_word' id='word_1_59' title='bbox 1147 952 1303 998; x_wconf 81' lang='lat' dir='ltr'>fuisset</span> <span class='ocrx_word' id='word_1_60' title='bbox 1324 953 1401 1000; x_wconf 89' lang='lat' dir='ltr'>ille</span> <span class='ocrx_word' id='word_1_61' title='bbox 1428 968 1556 999; x_wconf 89' lang='lat' dir='ltr'>verus</span> <span class='ocrx_word' id='word_1_62' title='bbox 1578 968 1770 998; x_wconf 89' lang='lat' dir='ltr'>consen-</span> 
     </span>
     <span class='ocr_line' id='line_1_10' title="bbox 305 1032 1770 1094; baseline -0.001 -16"><span class='ocrx_word' id='word_1_63' title='bbox 305 1049 380 1078; x_wconf 87' lang='lat' dir='ltr'>sus</span> <span class='ocrx_word' id='word_1_64' title='bbox 402 1037 446 1079; x_wconf 85' lang='lat' dir='ltr'>et</span> <span class='ocrx_word' id='word_1_65' title='bbox 467 1033 556 1079; x_wconf 86' lang='lat' dir='ltr'>late</span> <span class='ocrx_word' id='word_1_66' title='bbox 584 1039 769 1094; x_wconf 86' lang='lat' dir='ltr'>patens,</span> <span class='ocrx_word' id='word_1_67' title='bbox 810 1035 979 1077; x_wconf 89' lang='lat' dir='ltr'>tantum</span> <span class='ocrx_word' id='word_1_68' title='bbox 1014 1032 1139 1077; x_wconf 88' lang='lat' dir='ltr'>abest</span> <span class='ocrx_word' id='word_1_69' title='bbox 1158 1037 1205 1077; x_wconf 93' lang='lat' dir='ltr'>ut</span> <span class='ocrx_word' id='word_1_70' title='bbox 1225 1047 1466 1078; x_wconf 87' lang='lat' dir='ltr'>consensus</span> <span class='ocrx_word' id='word_1_71' title='bbox 1495 1046 1575 1093; x_wconf 91' lang='lat' dir='ltr'>pro</span> <span class='ocrx_word' id='word_1_72' title='bbox 1599 1046 1698 1077; x_wconf 87' lang='lat' dir='ltr'>vera</span> <span class='ocrx_word' id='word_1_73' title='bbox 1726 1036 1770 1076; x_wconf 87' lang='lat' dir='ltr'>et</span> 
     </span>
     <span class='ocr_line' id='line_1_11' title="bbox 306 1108 1769 1173; baseline -0.002 -16"><span class='ocrx_word' id='word_1_74' title='bbox 306 1111 451 1158; x_wconf 86' lang='lat' dir='ltr'>solida</span> <span class='ocrx_word' id='word_1_75' title='bbox 474 1111 712 1156; x_wconf 83' lang='lat' dir='ltr'>autoritate</span> <span class='ocrx_word' id='word_1_76' title='bbox 747 1108 903 1155; x_wconf 85' lang='lat' dir='ltr'>haberi</span> <span class='ocrx_word' id='word_1_77' title='bbox 930 1108 1105 1168; x_wconf 88' lang='lat' dir='ltr'>debeat,</span> <span class='ocrx_word' id='word_1_78' title='bbox 1137 1114 1185 1155; x_wconf 93' lang='lat' dir='ltr'>ut</span> <span class='ocrx_word' id='word_1_79' title='bbox 1215 1109 1347 1173; x_wconf 82' lang='lat' dir='ltr'>etiam</span> <span class='ocrx_word' id='word_1_80' title='bbox 1372 1109 1608 1155; x_wconf 57' lang='lat' dir='ltr'>‘violentam</span> <span class='ocrx_word' id='word_1_81' title='bbox 1635 1124 1769 1172; x_wconf 85' lang='lat' dir='ltr'>prae-</span> 
     </span>
     <span class='ocr_line' id='line_1_12' title="bbox 305 1187 1151 1235; baseline 0.001 -1"><span class='ocrx_word' id='word_1_82' title='bbox 305 1189 567 1235; x_wconf 88' lang='lat' dir='ltr'>sumtionem</span> <span class='ocrx_word' id='word_1_83' title='bbox 589 1187 770 1235; x_wconf 87' lang='lat' dir='ltr'>inducat</span> <span class='ocrx_word' id='word_1_84' title='bbox 788 1189 834 1234; x_wconf 91' lang='lat' dir='ltr'>in</span> <span class='ocrx_word' id='word_1_85' title='bbox 862 1188 1151 1235; x_wconf 89' lang='lat' dir='ltr'>contrarium.</span> 
     </span>
    </p>
   </div>
   <div class='ocr_carea' id='block_1_3' title="bbox 305 1275 1777 2518">
    <p class='ocr_par' dir='ltr' id='par_1_3' title="bbox 305 1275 1775 2031">
     <span class='ocr_line' id='line_1_13' title="bbox 407 1275 1770 1340; baseline -0.001 -16"><span class='ocrx_word' id='word_1_86' title='bbox 407 1277 659 1325; x_wconf 84' lang='lat' dir='ltr'>Pessimum</span> <span class='ocrx_word' id='word_1_87' title='bbox 693 1278 809 1324; x_wconf 89' lang='lat' dir='ltr'>enim</span> <span class='ocrx_word' id='word_1_88' title='bbox 843 1277 1035 1324; x_wconf 90' lang='lat' dir='ltr'>omnium</span> <span class='ocrx_word' id='word_1_89' title='bbox 1059 1284 1126 1325; x_wconf 87' lang='lat' dir='ltr'>est</span> <span class='ocrx_word' id='word_1_90' title='bbox 1157 1276 1406 1339; x_wconf 80' lang='lat' dir='ltr'>augurium,</span> <span class='ocrx_word' id='word_1_91' title='bbox 1447 1275 1560 1340; x_wconf 89' lang='lat' dir='ltr'>quod</span> <span class='ocrx_word' id='word_1_92' title='bbox 1582 1292 1638 1323; x_wconf 84' lang='lat' dir='ltr'>ex</span> <span class='ocrx_word' id='word_1_93' title='bbox 1658 1292 1770 1323; x_wconf 89' lang='lat' dir='ltr'>con-</span> 
     </span>
     <span class='ocr_line' id='line_1_14' title="bbox 306 1355 1771 1419; baseline -0.002 -16"><span class='ocrx_word' id='word_1_94' title='bbox 306 1373 438 1404; x_wconf 85' lang='lat' dir='ltr'>sensu</span> <span class='ocrx_word' id='word_1_95' title='bbox 470 1357 646 1419; x_wconf 89' lang='lat' dir='ltr'>capitur</span> <span class='ocrx_word' id='word_1_96' title='bbox 680 1356 726 1401; x_wconf 90' lang='lat' dir='ltr'>iu</span> <span class='ocrx_word' id='word_1_97' title='bbox 762 1356 894 1402; x_wconf 89' lang='lat' dir='ltr'>rebus</span> <span class='ocrx_word' id='word_1_98' title='bbox 928 1356 1334 1414; x_wconf 83' lang='lat' dir='ltr'>intellectualibus,</span> <span class='ocrx_word' id='word_1_99' title='bbox 1381 1356 1582 1418; x_wconf 88' lang='lat' dir='ltr'>exceptis</span> <span class='ocrx_word' id='word_1_100' title='bbox 1609 1355 1771 1401; x_wconf 89' lang='lat' dir='ltr'>divinis</span> 
     </span>
     <span class='ocr_line' id='line_1_15' title="bbox 306 1432 1771 1498; baseline -0.001 -17"><span class='ocrx_word' id='word_1_101' title='bbox 306 1441 351 1481; x_wconf 89' lang='lat' dir='ltr'>et</span> <span class='ocrx_word' id='word_1_102' title='bbox 377 1434 603 1498; x_wconf 83' lang='lat' dir='ltr'>politicis,</span> <span class='ocrx_word' id='word_1_103' title='bbox 639 1435 685 1481; x_wconf 89' lang='lat' dir='ltr'>in</span> <span class='ocrx_word' id='word_1_104' title='bbox 705 1435 864 1497; x_wconf 87' lang='lat' dir='ltr'>quibus</span> <span class='ocrx_word' id='word_1_105' title='bbox 896 1435 1205 1496; x_wconf 81' lang='lat' dir='ltr'>suffragiorum</span> <span class='ocrx_word' id='word_1_106' title='bbox 1234 1434 1309 1496; x_wconf 86' lang='lat' dir='ltr'>jus</span> <span class='ocrx_word' id='word_1_107' title='bbox 1340 1440 1424 1480; x_wconf 86' lang='lat' dir='ltr'>est.</span> <span class='ocrx_word' id='word_1_108' title='bbox 1493 1432 1622 1479; x_wconf 83' lang='lat' dir='ltr'>Nihil</span> <span class='ocrx_word' id='word_1_109' title='bbox 1654 1434 1771 1479; x_wconf 86' lang='lat' dir='ltr'>enim</span> 
     </span>
     <span class='ocr_line' id='line_1_16' title="bbox 305 1511 1775 1576; baseline -0.001 -17"><span class='ocrx_word' id='word_1_110' title='bbox 305 1513 456 1559; x_wconf 88' lang='lat' dir='ltr'>multis</span> <span class='ocrx_word' id='word_1_111' title='bbox 487 1513 651 1576; x_wconf 85' lang='lat' dir='ltr'>placet,</span> <span class='ocrx_word' id='word_1_112' title='bbox 687 1513 775 1559; x_wconf 89' lang='lat' dir='ltr'>nisi</span> <span class='ocrx_word' id='word_1_113' title='bbox 806 1513 1167 1575; x_wconf 82' lang='lat' dir='ltr'>imaginationem</span> <span class='ocrx_word' id='word_1_114' title='bbox 1200 1512 1356 1571; x_wconf 82' lang='lat' dir='ltr'>feriat,</span> <span class='ocrx_word' id='word_1_115' title='bbox 1394 1516 1469 1558; x_wconf 87' lang='lat' dir='ltr'>aut</span> <span class='ocrx_word' id='word_1_116' title='bbox 1497 1511 1775 1559; x_wconf 88' lang='lat' dir='ltr'>intellectum-</span> 
     </span>
     <span class='ocr_line' id='line_1_17' title="bbox 309 1589 1774 1654; baseline 0 -17"><span class='ocrx_word' id='word_1_117' title='bbox 309 1591 553 1654; x_wconf 81' lang='lat' dir='ltr'>vulgarium</span> <span class='ocrx_word' id='word_1_118' title='bbox 576 1591 803 1638; x_wconf 89' lang='lat' dir='ltr'>notionum</span> <span class='ocrx_word' id='word_1_119' title='bbox 827 1591 954 1637; x_wconf 90' lang='lat' dir='ltr'>nodis</span> <span class='ocrx_word' id='word_1_120' title='bbox 975 1591 1239 1650; x_wconf 73' lang='lat' dir='ltr'>adstringat,</span> <span class='ocrx_word' id='word_1_121' title='bbox 1278 1597 1323 1636; x_wconf 88' lang='lat' dir='ltr'>ut</span> <span class='ocrx_word' id='word_1_122' title='bbox 1347 1606 1481 1652; x_wconf 85' lang='lat' dir='ltr'>supra</span> <span class='ocrx_word' id='word_1_123' title='bbox 1504 1589 1666 1637; x_wconf 81' lang='lat' dir='ltr'>dictum</span> <span class='ocrx_word' id='word_1_124' title='bbox 1689 1597 1774 1638; x_wconf 86' lang='lat' dir='ltr'>est.</span> 
     </span>
     <span class='ocr_line' id='line_1_18' title="bbox 306 1669 1770 1732; baseline -0.001 -16"><span class='ocrx_word' id='word_1_125' title='bbox 306 1669 464 1732; x_wconf 89' lang='lat' dir='ltr'>Itaque</span> <span class='ocrx_word' id='word_1_126' title='bbox 495 1670 659 1732; x_wconf 89' lang='lat' dir='ltr'>optime</span> <span class='ocrx_word' id='word_1_127' title='bbox 689 1670 940 1717; x_wconf 85' lang='lat' dir='ltr'>traducitur</span> <span class='ocrx_word' id='word_1_128' title='bbox 968 1669 1080 1715; x_wconf 86' lang='lat' dir='ltr'>illud</span> <span class='ocrx_word' id='word_1_129' title='bbox 1114 1669 1392 1717; x_wconf 71' lang='lat' dir='ltr'>Phocionis</span> <span class='ocrx_word' id='word_1_130' title='bbox 1425 1685 1451 1714; x_wconf 86' lang='lat' dir='ltr'>a</span> <span class='ocrx_word' id='word_1_131' title='bbox 1484 1669 1680 1715; x_wconf 83' lang='lat' dir='ltr'>moribus</span> <span class='ocrx_word' id='word_1_132' title='bbox 1715 1669 1770 1715; x_wconf 87' lang='lat' dir='ltr'>ad</span> 
     </span>
     <span class='ocr_line' id='line_1_19' title="bbox 307 1746 1773 1797; baseline 0 -3"><span class='ocrx_word' id='word_1_133' title='bbox 307 1748 657 1795; x_wconf 84' lang='lat' dir='ltr'>intellectualia:</span> <span class='ocrx_word' id='word_1_134' title='bbox 698 1749 769 1796; x_wconf 80' lang='lat' dir='ltr'>Ut</span> <span class='ocrx_word' id='word_1_135' title='bbox 782 1748 967 1797; x_wconf 82' lang='lat' dir='ltr'>statim</span> <span class='ocrx_word' id='word_1_136' title='bbox 989 1764 1041 1796; x_wconf 82' lang='lat' dir='ltr'>se</span> <span class='ocrx_word' id='word_1_137' title='bbox 1065 1750 1365 1796; x_wconf 73' lang='lat' dir='ltr'>examinare</span> <span class='ocrx_word' id='word_1_138' title='bbox 1385 1749 1603 1797; x_wconf 81' lang='lat' dir='ltr'>debeant</span> <span class='ocrx_word' id='word_1_139' title='bbox 1616 1746 1773 1794; x_wconf 74' lang='lat' dir='ltr'>homi-</span> 
     </span>
     <span class='ocr_line' id='line_1_20' title="bbox 308 1826 1773 1892; baseline -0.002 -16"><span class='ocrx_word' id='word_1_140' title='bbox 308 1845 424 1887; x_wconf 82' lang='lat' dir='ltr'>nes,</span> <span class='ocrx_word' id='word_1_141' title='bbox 461 1827 584 1892; x_wconf 85' lang='lat' dir='ltr'>quid</span> <span class='ocrx_word' id='word_1_142' title='bbox 612 1828 906 1875; x_wconf 70' lang='lat' dir='ltr'>erraverint</span> <span class='ocrx_word' id='word_1_143' title='bbox 941 1833 1038 1874; x_wconf 86' lang='lat' dir='ltr'>aut</span> <span class='ocrx_word' id='word_1_144' title='bbox 1056 1827 1402 1891; x_wconf 78' lang='lat' dir='ltr'>peccaverint,</span> <span class='ocrx_word' id='word_1_145' title='bbox 1429 1827 1479 1875; x_wconf 89' lang='lat' dir='ltr'>si</span> <span class='ocrx_word' id='word_1_146' title='bbox 1492 1826 1773 1875; x_wconf 81' lang='lat' dir='ltr'>multitudo</span> 
     </span>
     <span class='ocr_line' id='line_1_21' title="bbox 309 1904 1775 1970; baseline -0.003 -16"><span class='ocrx_word' id='word_1_147' title='bbox 309 1906 606 1957; x_wconf 78' lang='lat' dir='ltr'>consentiat</span> <span class='ocrx_word' id='word_1_148' title='bbox 638 1912 690 1952; x_wconf 77' lang='lat' dir='ltr'>ec</span> <span class='ocrx_word' id='word_1_149' title='bbox 722 1905 1070 1970; x_wconf 81' lang='lat' dir='ltr'>complaudat.</span> <span class='ocrx_word' id='word_1_150' title='bbox 1149 1906 1250 1953; x_wconf 90' lang='lat' dir='ltr'>Hoc</span> <span class='ocrx_word' id='word_1_151' title='bbox 1291 1904 1592 1954; x_wconf 89' lang='lat' dir='ltr'>SIGNUM</span> <span class='ocrx_word' id='word_1_152' title='bbox 1637 1905 1775 1967; x_wconf 83' lang='lat' dir='ltr'>igitur</span> 
     </span>
     <span class='ocr_line' id='line_1_22' title="bbox 309 1983 783 2031; baseline -0.004 0"><span class='ocrx_word' id='word_1_153' title='bbox 309 2000 367 2031; x_wconf 80' lang='lat' dir='ltr'>ex</span> <span class='ocrx_word' id='word_1_154' title='bbox 387 1983 680 2030; x_wconf 84' lang='lat' dir='ltr'>aversissimis</span> <span class='ocrx_word' id='word_1_155' title='bbox 700 1989 783 2029; x_wconf 82' lang='lat' dir='ltr'>est.</span> 
     </span>
    </p>

    <p class='ocr_par' dir='ltr' id='par_1_4' title="bbox 310 2058 1777 2518">
     <span class='ocr_line' id='line_1_23' title="bbox 410 2058 1774 2124; baseline 0.001 -16"><span class='ocrx_word' id='word_1_156' title='bbox 410 2061 585 2124; x_wconf 89' lang='lat' dir='ltr'>Itaque,</span> <span class='ocrx_word' id='word_1_157' title='bbox 623 2060 738 2123; x_wconf 88' lang='lat' dir='ltr'>quod</span> <span class='ocrx_word' id='word_1_158' title='bbox 775 2058 1019 2108; x_wconf 84' lang='lat' dir='ltr'><strong>SIGNA</strong></span> <span class='ocrx_word' id='word_1_159' title='bbox 1068 2063 1342 2110; x_wconf 87' lang='lat' dir='ltr'>veritatis</span> <span class='ocrx_word' id='word_1_160' title='bbox 1386 2067 1439 2109; x_wconf 87' lang='lat' dir='ltr'>et</span> <span class='ocrx_word' id='word_1_161' title='bbox 1488 2061 1774 2109; x_wconf 88' lang='lat' dir='ltr'>sanitatis</span> 
     </span>
     <span class='ocr_line' id='line_1_24' title="bbox 310 2138 1774 2204; baseline -0.001 -17"><span class='ocrx_word' id='word_1_162' title='bbox 310 2138 816 2204; x_wconf 87' lang='lat' dir='ltr'>philosophiarum</span> <span class='ocrx_word' id='word_1_163' title='bbox 846 2144 901 2186; x_wconf 93' lang='lat' dir='ltr'>et</span> <span class='ocrx_word' id='word_1_164' title='bbox 933 2140 1312 2187; x_wconf 87' lang='lat' dir='ltr'>scientiarum</span> <span class='ocrx_word' id='word_1_165' title='bbox 1344 2139 1520 2204; x_wconf 85' lang='lat' dir='ltr'>quaein</span> <span class='ocrx_word' id='word_1_166' title='bbox 1549 2155 1631 2186; x_wconf 88' lang='lat' dir='ltr'>usu</span> <span class='ocrx_word' id='word_1_167' title='bbox 1654 2145 1774 2201; x_wconf 89' lang='lat' dir='ltr'>sunt,</span> 
     </span>
     <span class='ocr_line' id='line_1_25' title="bbox 313 2217 1775 2282; baseline 0.002 -19"><span class='ocrx_word' id='word_1_168' title='bbox 313 2217 457 2264; x_wconf 85' lang='lat' dir='ltr'>male</span> <span class='ocrx_word' id='word_1_169' title='bbox 490 2233 551 2263; x_wconf 86' lang='lat' dir='ltr'>se</span> <span class='ocrx_word' id='word_1_170' title='bbox 586 2217 857 2277; x_wconf 86' lang='lat' dir='ltr'>habeant,</span> <span class='ocrx_word' id='word_1_171' title='bbox 898 2218 991 2265; x_wconf 88' lang='lat' dir='ltr'>sive</span> <span class='ocrx_word' id='word_1_172' title='bbox 1027 2220 1262 2282; x_wconf 84' lang='lat' dir='ltr'>capiantur</span> <span class='ocrx_word' id='word_1_173' title='bbox 1299 2236 1372 2268; x_wconf 74' lang='lat' dir='ltr'>ecc</span> <span class='ocrx_word' id='word_1_174' title='bbox 1416 2218 1775 2279; x_wconf 80' lang='lat' dir='ltr'>originibus</span> 
     </span>
     <span class='ocr_line' id='line_1_26' title="bbox 312 2296 1777 2364; baseline 0.001 -22"><span class='ocrx_word' id='word_1_175' title='bbox 312 2297 528 2360; x_wconf 89' lang='lat' dir='ltr'>ipsarum,</span> <span class='ocrx_word' id='word_1_176' title='bbox 549 2296 642 2343; x_wconf 89' lang='lat' dir='ltr'>sive</span> <span class='ocrx_word' id='word_1_177' title='bbox 668 2313 743 2344; x_wconf 72' lang='lat' dir='ltr'>ex</span> <span class='ocrx_word' id='word_1_178' title='bbox 764 2298 1130 2359; x_wconf 83' lang='lat' dir='ltr'>fructibus,</span> <span class='ocrx_word' id='word_1_179' title='bbox 1167 2300 1258 2346; x_wconf 87' lang='lat' dir='ltr'>sive</span> <span class='ocrx_word' id='word_1_180' title='bbox 1295 2315 1371 2347; x_wconf 69' lang='lat' dir='ltr'>ear</span> <span class='ocrx_word' id='word_1_181' title='bbox 1396 2296 1777 2364; x_wconf 79' lang='lat' dir='ltr'>progressi-</span> 
     </span>
     <span class='ocr_line' id='line_1_27' title="bbox 315 2375 1776 2439; baseline -0.003 -14"><span class='ocrx_word' id='word_1_182' title='bbox 315 2378 446 2434; x_wconf 87' lang='lat' dir='ltr'>bus,</span> <span class='ocrx_word' id='word_1_183' title='bbox 484 2376 576 2422; x_wconf 88' lang='lat' dir='ltr'>sive</span> <span class='ocrx_word' id='word_1_184' title='bbox 613 2392 690 2422; x_wconf 73' lang='lat' dir='ltr'>ex</span> <span class='ocrx_word' id='word_1_185' title='bbox 734 2377 1264 2439; x_wconf 80' lang='lat' dir='ltr'>confessionibus</span> <span class='ocrx_word' id='word_1_186' title='bbox 1305 2385 1639 2434; x_wconf 81' lang='lat' dir='ltr'>autorum,</span> <span class='ocrx_word' id='word_1_187' title='bbox 1683 2375 1776 2422; x_wconf 84' lang='lat' dir='ltr'>sive</span> 
     </span>
     <span class='ocr_line' id='line_1_28' title="bbox 317 2454 1197 2518; baseline 0.005 -18"><span class='ocrx_word' id='word_1_188' title='bbox 317 2470 392 2501; x_wconf 70' lang='lat' dir='ltr'>aa:</span> <span class='ocrx_word' id='word_1_189' title='bbox 426 2471 756 2513; x_wconf 84' lang='lat' dir='ltr'>consensu,</span> <span class='ocrx_word' id='word_1_190' title='bbox 788 2455 880 2518; x_wconf 89' lang='lat' dir='ltr'>jam</span> <span class='ocrx_word' id='word_1_191' title='bbox 912 2454 1077 2502; x_wconf 76' lang='lat' dir='ltr'>(lictum</span> <span class='ocrx_word' id='word_1_192' title='bbox 1115 2463 1197 2504; x_wconf 88' lang='lat' dir='ltr'>est.</span> 
     </span>
    </p>
   </div>
   <div class='ocr_carea' id='block_1_4' title="bbox 418 2586 1776 2728">
    <p class='ocr_par' dir='ltr' id='par_1_5' title="bbox 418 2586 1776 2728">
     <span class='ocr_line' id='line_1_29' title="bbox 905 2586 1190 2636; baseline 0.004 -1"><span class='ocrx_word' id='word_1_193' title='bbox 905 2586 1190 2636; x_wconf 89' lang='lat' dir='ltr'>LXXVIII.</span> 
     </span>
     <span class='ocr_line' id='line_1_30' title="bbox 418 2673 1776 2728; baseline -0.003 -5"><span class='ocrx_word' id='word_1_194' title='bbox 418 2673 521 2723; x_wconf 85' lang='lat' dir='ltr'>Jam</span> <span class='ocrx_word' id='word_1_195' title='bbox 545 2691 647 2722; x_wconf 89' lang='lat' dir='ltr'>vero</span> <span class='ocrx_word' id='word_1_196' title='bbox 674 2676 932 2724; x_wconf 76' lang='lat' dir='ltr'>veniendum</span> <span class='ocrx_word' id='word_1_197' title='bbox 964 2678 1017 2724; x_wconf 85' lang='lat' dir='ltr'>ad</span> <span class='ocrx_word' id='word_1_198' title='bbox 1051 2677 1088 2725; x_wconf 90' lang='lat' dir='ltr'>C</span> <span class='ocrx_word' id='word_1_199' title='bbox 1100 2679 1143 2726; x_wconf 90' lang='lat' dir='ltr'>A</span> <span class='ocrx_word' id='word_1_200' title='bbox 1159 2677 1245 2728; x_wconf 86' lang='lat' dir='ltr'>US</span> <span class='ocrx_word' id='word_1_201' title='bbox 1259 2679 1303 2728; x_wconf 89' lang='lat' dir='ltr'><strong>A</strong></span> <span class='ocrx_word' id='word_1_202' title='bbox 1316 2677 1353 2726; x_wconf 90' lang='lat' dir='ltr'>S</span> <span class='ocrx_word' id='word_1_203' title='bbox 1389 2676 1430 2724; x_wconf 89' lang='grc' dir='ltr'><strong>Ε</strong></span> <span class='ocrx_word' id='word_1_204' title='bbox 1443 2675 1541 2724; x_wconf 87' lang='lat' dir='ltr'>RR</span> <span class='ocrx_word' id='word_1_205' title='bbox 1553 2674 1597 2722; x_wconf 92' lang='grc' dir='ltr'><strong>Ο</strong></span> <span class='ocrx_word' id='word_1_206' title='bbox 1610 2673 1656 2721; x_wconf 86' lang='lat' dir='ltr'><strong>R</strong></span> <span class='ocrx_word' id='word_1_207' title='bbox 1667 2673 1710 2720; x_wconf 92' lang='lat' dir='ltr'>U</span> <span class='ocrx_word' id='word_1_208' title='bbox 1723 2673 1776 2720; x_wconf 93' lang='lat' dir='ltr'>M</span> 
     </span>
    </p>
   </div>
   <div class='ocr_carea' id='block_1_5' title="bbox 320 2752 1779 2976">
    <p class='ocr_par' dir='ltr' id='par_1_6' title="bbox 320 2752 1779 2976">
     <span class='ocr_line' id='line_1_31' title="bbox 320 2752 1777 2821; baseline -0.001 -22"><span class='ocrx_word' id='word_1_209' title='bbox 320 2758 503 2799; x_wconf 84' lang='lat' dir='ltr'>ettam</span> <span class='ocrx_word' id='word_1_210' title='bbox 541 2752 846 2801; x_wconf 86' lang='lat' dir='ltr'>diuturnae</span> <span class='ocrx_word' id='word_1_211' title='bbox 881 2756 938 2801; x_wconf 91' lang='lat' dir='ltr'>in</span> <span class='ocrx_word' id='word_1_212' title='bbox 974 2757 1106 2804; x_wconf 87' lang='lat' dir='ltr'>illis</span> <span class='ocrx_word' id='word_1_213' title='bbox 1142 2774 1246 2821; x_wconf 88' lang='lat' dir='ltr'>per</span> <span class='ocrx_word' id='word_1_214' title='bbox 1280 2761 1366 2802; x_wconf 88' lang='lat' dir='ltr'>tot</span> <span class='ocrx_word' id='word_1_215' title='bbox 1402 2753 1635 2801; x_wconf 88' lang='lat' dir='ltr'>saecula</span> <span class='ocrx_word' id='word_1_216' title='bbox 1671 2769 1777 2798; x_wconf 92' lang='lat' dir='ltr'>mo-</span> 
     </span>
     <span class='ocr_line' id='line_1_32' title="bbox 321 2830 1779 2897; baseline -0.003 -19"><span class='ocrx_word' id='word_1_217' title='bbox 321 2845 441 2890; x_wconf 83' lang='lat' dir='ltr'>rae,</span> <span class='ocrx_word' id='word_1_218' title='bbox 487 2846 598 2893; x_wconf 89' lang='lat' dir='ltr'>quae</span> <span class='ocrx_word' id='word_1_219' title='bbox 635 2833 852 2895; x_wconf 84' lang='lat' dir='ltr'>plurimae</span> <span class='ocrx_word' id='word_1_220' title='bbox 888 2840 989 2881; x_wconf 90' lang='lat' dir='ltr'>sunt</span> <span class='ocrx_word' id='word_1_221' title='bbox 1025 2842 1069 2882; x_wconf 86' lang='lat' dir='ltr'>et</span> <span class='ocrx_word' id='word_1_222' title='bbox 1101 2833 1460 2897; x_wconf 86' lang='lat' dir='ltr'>potentissimae,</span> <span class='ocrx_word' id='word_1_223' title='bbox 1506 2837 1554 2877; x_wconf 94' lang='lat' dir='ltr'>ut</span> <span class='ocrx_word' id='word_1_224' title='bbox 1593 2830 1779 2876; x_wconf 86' lang='lat' dir='ltr'>tollatur</span> 
     </span>
     <span class='ocr_line' id='line_1_33' title="bbox 322 2907 1778 2976; baseline 0.002 -25"><span class='ocrx_word' id='word_1_225' title='bbox 322 2907 462 2953; x_wconf 84' lang='lat' dir='ltr'>omnis</span> <span class='ocrx_word' id='word_1_226' title='bbox 485 2909 733 2970; x_wconf 83' lang='lat' dir='ltr'>admiratio,</span> <span class='ocrx_word' id='word_1_227' title='bbox 765 2911 921 2973; x_wconf 84' lang='lat' dir='ltr'>haec,</span> <span class='ocrx_word' id='word_1_228' title='bbox 957 2928 1097 2976; x_wconf 85' lang='lat' dir='ltr'>quae</span> <span class='ocrx_word' id='word_1_229' title='bbox 1133 2910 1488 2970; x_wconf 84' lang='lat' dir='ltr'>adducimus,</span> <span class='ocrx_word' id='word_1_230' title='bbox 1522 2908 1778 2956; x_wconf 87' lang='lat' dir='ltr'>homines</span> 
     </span>
    </p>
   </div>
  </div>
 </body>
</html>
