2064 3490
487 241 835 281 DELlNEATlO
867 255 917 280 ΕΤ
947 243 1362 285 ARGUMENTUM.
1646 247 1708 291 23

228 355 346 401 xime
371 353 589 416 difficilis,
622 360 769 403 tamen
792 357 932 403 multo
964 356 1203 403 maximam
1232 357 1513 406 difficultatis
1535 365 1707 423 partem

223 433 268 479 in
292 433 348 480 iis
371 435 580 494 subesse,
621 451 734 498 quae
758 435 803 480 in
824 440 1048 498 potestate
1074 442 1230 484 nostra
1254 442 1359 483 sunt
1385 442 1518 502 atque
1539 441 1706 504 corrigi

223 519 435 576 possunt,
472 531 559 560 non
592 514 639 560 in
672 515 754 574 iis,
794 531 907 578 quae
941 519 1072 562 extra
1093 521 1359 579 potestatem
1381 522 1581 564 nostram
1620 520 1707 566 sita

223 592 447 651 existunt3
496 593 542 639 in
572 599 720 641 mente
755 594 972 658 [inquam]
1011 612 1101 642 non
1139 595 1186 642 in
1227 597 1361 644 rebus
1400 597 1512 661 ipsis
1547 604 1624 646 aut
1658 599 1703 645 in

219 688 370 719 sensu.

322 750 456 811 Quod
479 750 517 798 si
542 751 615 798 cui
637 768 912 816 supervacua
933 753 1138 800 videatur
1162 761 1375 802 accurata
1408 754 1497 802 ista
1530 762 1700 813 nostra,

219 846 350 894 quam
371 830 633 879 adhibemus
656 832 711 878 ad
735 838 905 879 mentes
932 834 1292 897 praeparandas,
1330 834 1592 898 diligentia,
1628 843 1702 884 at-

218 927 303 975 que
322 911 508 974 cogitet,
545 911 632 958 hoc
658 911 865 975 quiddam
888 928 985 958 csse
1013 929 1069 959 ex
1093 930 1257 978 pompa
1277 920 1322 962 et
1356 916 1404 962 in
1430 916 1703 964 ostentatio-

215 1006 313 1037 nem
332 991 668 1055 compositum,
704 992 855 1055 itaque
880 991 1060 1056 cupiat,
1096 1009 1190 1040 rem
1215 995 1389 1058 ipsam,
1427 995 1575 1043 missis
1600 1012 1700 1044 am-

213 1069 403 1133 bagibus
426 1075 471 1117 et
493 1071 929 1134 praestructionibus
944 1106 960 1132 ,
996 1072 1266 1136 simpliciter
1287 1074 1522 1134 exbiberi3
1576 1081 1699 1124 certe

215 1149 426 1213 optabilis
448 1151 578 1197 nobis
611 1150 729 1198 foret
754 1151 810 1212 [si
835 1167 938 1198 vera
964 1153 1100 1213 esset]
1127 1153 1385 1217 hujusmodi
1402 1155 1696 1204 insimulatio.

211 1230 396 1277 Utinam
419 1230 537 1277 enim
558 1236 649 1277 tam
670 1231 870 1294 proclive
894 1232 1024 1278 nobis
1046 1238 1196 1293 esset,
1234 1233 1525 1283 difficultates
1546 1241 1590 1283 ct
1609 1237 1698 1283 im-

210 1309 465 1374 pedimenta
488 1310 696 1371 vincere,
735 1326 863 1374 quam
886 1311 1048 1358 fastum
1076 1312 1255 1359 inanem
1281 1318 1325 1361 et
1353 1313 1515 1362 falsum
1553 1331 1698 1380 appa-

209 1396 355 1438 ratum
382 1389 624 1454 deponere.

308 1469 478 1517 Verum
506 1469 593 1515 boc
612 1469 798 1516 velimus
821 1470 1025 1517 bomines
1049 1469 1337 1533 existiment,
1374 1489 1456 1521 nos
1480 1473 1595 1521 baud
1619 1475 1695 1522 in-

210 1551 447 1615 explorato
469 1549 590 1617 'viam
623 1548 669 1594 in
695 1554 819 1595 tanta
847 1550 1091 1596 solitudine
1121 1550 1265 1610 inire,
1301 1555 1567 1615 praesertim
1591 1572 1689 1602 cum

209 1635 515 1693 argumentum
559 1628 815 1691 hujusmodi
856 1646 965 1693 prae
1009 1629 1216 1675 manibus
1252 1630 1523 1694 habeamus,
1573 1635 1689 1698 quod

207 1710 431 1757 tractandi
464 1708 691 1773 imperitia
726 1708 915 1772 perdere
952 1714 997 1755 et
1029 1711 1163 1756 veluti
1201 1723 1428 1775 exponere
1454 1713 1580 1760 nefas
1613 1716 1688 1762 sit¹

206 1790 366 1854 Itaque
399 1806 457 1836 ex
488 1806 711 1854 perpenso
753 1794 798 1835 et
834 1795 1071 1852 perspecto
1129 1796 1237 1837 tam
1293 1809 1423 1839 reru
1439 1810 1479 1839 m
1531 1811 1686 1858 quam

207 1870 530 1917 animorum
575 1874 722 1929 statu,
789 1868 993 1914 duriores
1039 1869 1133 1917 fere
1180 1870 1328 1918 aditus
1366 1872 1420 1918 ad
1459 1873 1687 1921 homiuum

204 1956 375 1997 mentes
397 1966 526 2013 quam
556 1949 611 1995 ad
646 1966 718 1996 res
743 1949 864 2013 ipsas
895 1948 1163 2010 invenimus,
1187 1967 1241 1997 ae
1268 1952 1473 1999 tradendi
1507 1954 1686 2002 labores

201 2029 459 2077 inveniendi
489 2030 720 2076 laboribus
740 2027 858 2074 baud
889 2027 1030 2074 multo
1057 2028 1251 2076 leviores
1284 2033 1570 2095 experimur,
1613 2041 1684 2082 at-

203 2126 287 2173 que
309 2110 424 2174 quod
464 2111 511 2156 in
545 2108 931 2169 intellectualibus
964 2124 1037 2155 res
1081 2125 1197 2156 nova
1230 2110 1325 2158 scre
1360 2118 1458 2173 est,
1516 2131 1682 2162 morem

199 2189 414 2252 gerimus,
445 2196 489 2237 et
514 2196 603 2237 tam
640 2195 818 2237 nostras
850 2188 1149 2251 cogitationes
1177 2206 1304 2253 quam
1338 2192 1526 2239 aliorum
1552 2194 1684 2240 simul

201 2269 469 2333 bajulamus.
542 2267 691 2317 Omne
722 2269 840 2315 enim
875 2268 1044 2314 idolum
1084 2285 1266 2330 vanum,
1318 2277 1413 2319 arte
1434 2279 1566 2337 atque
1599 2276 1682 2322 ob-

199 2349 355 2412 sequio
381 2348 435 2396 ac
454 2349 604 2396 debito
629 2365 814 2396 accessu
839 2348 1129 2408 subvertitur,
1168 2350 1211 2395 vi
1235 2356 1280 2396 et
1301 2354 1589 2401 contentione
1610 2361 1682 2401 at—

201 2443 285 2491 que
319 2427 577 2475 incursione
615 2428 764 2474 subita
794 2434 838 2476 et
871 2429 1061 2492 abrupta
1099 2430 1325 2478 efferatur.
1398 2430 1558 2497 Neque
1595 2434 1681 2481 hoc

197 2506 300 2554 ideo
325 2512 496 2555 tautum
524 2508 600 2569 fit,
635 2507 751 2572 quod
781 2508 1011 2569 bomines,
1052 2510 1118 2556 vel
1150 2509 1446 2559 admiratione
1477 2517 1680 2560 autorum

197 2587 392 2652 captivi,
426 2589 496 2635 vel
521 2588 706 2653 propria
726 2588 892 2636 fiducia
914 2588 1104 2649 tumidi,
1154 2590 1222 2637 vel
1245 2592 1530 2640 assuetudine
1571 2610 1683 2658 qua-

198 2667 297 2715 dam
323 2667 597 2730 renitentes,
635 2685 682 2716 se
702 2685 868 2733 aequos
884 2671 1102 2733 praebere
1125 2671 1285 2718 nolint.
1331 2670 1388 2720 Si
1414 2673 1511 2737 quis
1533 2674 1682 2720 liben-

197 2748 368 2796 tissime
404 2748 492 2795 sibi
531 2748 800 2812 aequitatem
852 2751 1075 2814 imperare
1120 2751 1338 2812 volucrit,
1388 2759 1519 2817 atque
1555 2770 1682 2799 omne

196 2828 521 2893 praejudicium
542 2830 680 2877 veluti
706 2830 968 2893 ejuraverit,
1000 2836 1145 2878 tamen
1177 2837 1221 2879 et
1245 2833 1325 2878 tali
1348 2834 1505 2879 mentis
1526 2833 1682 2896 dispo-

202 2908 626 2974 sitioniueutiquam
651 2917 893 2976 propterca
921 2910 1054 2960 {idere
1081 2918 1323 2974 oporteret.
1395 2910 1539 2959 Nemo
1566 2912 1680 2959 enim
