2064 3490
473 309 810 349 DEleEATIO
844 321 893 349 m
923 307 1332 364 Aaomfflxrmr
1604 316 1664 361 35

183 426 418 473 turum.“
475 424 627 485 „Vis,
661 424 831 487 inquit,
866 430 930 471 ut
968 422 1067 471 tibi
1091 440 1334 484 narrem,
1375 442 1505 491 quae
1539 432 1668 483 milii

189 503 278 562 „in
309 504 482 554 Gallia
516 505 658 552 circa
684 502 987 568 hujusmodi
1002 503 1271 564 negotium
1311 520 1593 560 evenerunt
1604 516 1659 561 .2“

189 582 606 642 „Libentissime‚
642 583 841 646 inquam,
871 589 1030 647 atque
1059 583 1272 649 insuper
1299 588 1539 647 gratiam
1569 591 1660 642 ha-

188 663 359 712 bebo.“
394 663 516 710 Tum
535 662 707 723 retulit,
729 678 777 709 se
799 660 994 707 Parisiis
1020 668 1224 710 vocatum
1247 680 1274 710 a
1296 666 1485 729 quodam
1514 673 1659 721 amico

186 756 288 803 suo,
323 746 456 806 atque
478 741 779 789 introductum
804 741 850 787 in
872 757 1129 788 consessum
1153 743 1374 805 virorum3
1410 751 1662 815 „qualem,

185 819 350 885 inquit,
384 822 469 870 vel
486 830 548 871 tu
577 823 750 870 cidere
768 821 937 880 velles,
969 821 1099 870 m'lu‘l
1114 822 1167 870 in
1186 824 1299 873 cita
1321 826 1452 875 milii
1467 833 1662 881 accidit

187 935 217 960 ‚‚
215 902 519 968 jucundius.
590 903 764 950 Erant
810 909 988 949 autem
1033 903 1248 952 circiter
1283 905 1665 971 quinquaginta

187 982 333 1041 „viri
368 998 530 1046 neque
553 996 620 1028 ex
638 981 702 1029 iis
721 982 990 1048 quisquam
1019 983 1334 1043 adolescens,
1371 987 1466 1034 sed
1488 1006 1664 1040 omnes

185 1068 404 1121 „aetate
415 1060 793 1127 provectiores,
832 1062 1016 1128 quique
1036 1063 1186 1111 vultu
1209 1063 1320 1128 ipso
1344 1065 1662 1127 dignitatem

186 1157 337 1201 „cum
363 1142 633 1207 probitate
675 1141 873 1203 singuli
896 1159 1035 1207 prae
1063 1160 1116 1191 se
1132 1145 1409 1206 ferrent.“
1475 1148 1664 1206 „Inter

186 1238 374 1286 „quos,
416 1222 593 1286 ajebat,
642 1239 696 1270 se
737 1223 1036 1283 cognovisse
1070 1224 1344 1272 nonnullos
1383 1224 1663 1279 honoribus

184 1303 543 1366 „perfunctos,
566 1311 724 1368 atque
745 1301 876 1350 alios
895 1319 961 1350 ea·
980 1311 1186 1362 senatu,
1213 1304 1375 1352 etiam
1392 1308 1667 1359 antistites

185 1398 491 1440 „sacrorum
536 1383 791 1444 insignes,
849 1391 1009 1449 atque
1044 1400 1112 1431 ea·
1161 1383 1306 1431 omni
1317 1385 1449 1447 fere
1485 1389 1667 1437 ordine

185 1462 556 1521 „eminentiore
593 1462 842 1526 aliq-uos.“
895 1464 1105 1523 „Erant
1141 1464 1302 1511 etiam
1340 1466 1548 1529 quidam
1565 1504 1577 1526 ‚
1620 1475 1668 1515 ut

186 1541 354 1605 ajebat,
379 1543 654 1607 peregrini
669 1559 735 1591 ea·
757 1543 974 1592 dit-ersis
996 1543 1342 1591 nationibus.“
1385 1545 1538 1609 Atque
1563 1563 1664 1594 cum

183 1621 328 1686 primo
365 1623 669 1682 introivisset,
728 1622 954 1669 invenisse
1001 1639 1079 1669 eos
1119 1621 1406 1670 familiariter
1450 1625 1570 1672 inter
1619 1644 1667 1674 se

182 1702 516 1767 colloquentes;
562 1702 778 1750 sedebant
804 1707 954 1751 tamen
973 1702 1130 1750 ordine
1164 1700 1380 1749 sedilibus
1416 1702 1668 1768 dispositis,

183 1798 238 1830 ac
274 1783 415 1830 veluti
458 1782 694 1830 adventum
738 1783 931 1847 alicujus
980 1787 1312 1846 exspectantes.
1402 1782 1562 1848 Neque
1604 1785 1669 1832 ita.

183 1862 323 1909 multo
345 1868 464 1926 post,
486 1863 737 1927 ingressum
763 1863 818 1910 ad
840 1880 916 1924 eos
937 1863 1079 1909 virum
1104 1860 1339 1925 quendam,
1366 1869 1594 1927 aspectus,
1617 1870 1666 1911 ut

183 1942 226 1990 ei
246 1941 503 2004 videbatur,
542 1943 777 1991 admodum
808 1942 977 2008 placidi
1011 1950 1056 1990 et
1088 1942 1264 2003 sereni,
1307 1942 1395 1989 nisi
1432 1943 1549 2006 quod
1575 1944 1667 1991 oris

183 2023 454 2087 compositio
475 2030 573 2071 erat
592 2030 803 2088 tanquam
824 2023 1103 2082 miserantis3
1130 2022 1319 2069 cuicum
1340 2039 1492 2070 omnes
1515 2039 1667 2071 assur-

181 2103 426 2164 rexissent,
461 2104 558 2165 ille,
577 2103 945 2168 circumspiciens
964 2108 1008 2150 et
1028 2102 1290 2150 subridens:
1338 2102 1666 2169 „Nunquam²

183 2183 359 2248 inquit,
397 2185 701 2234 existimavi
720 2185 957 2251 potuisse
974 2183 1124 2244 fieri,
1162 2191 1226 2232 ut
1249 2185 1413 2232 otium
1439 2185 1666 2233 omnium

182 2272 462 2325 „vestrum,
485 2283 601 2314 cum
624 2265 856 2327 singulos
876 2281 1209 2325 recognosco,
1236 2265 1291 2312 in
1316 2281 1477 2311 unum
1503 2273 1666 2330 atque

183 2344 348 2402 „idem
365 2352 571 2411 tempus
595 2345 903 2394 coinciderit
917 2381 929 2403 ‚
967 2345 1118 2409 idque
1141 2345 1393 2409 quomodo
1417 2344 1663 2403 evenerit,

182 2425 348 2482 „satis
380 2427 573 2473 mirari
600 2443 704 2473 non
729 2427 993 2491 Ροςετιηιέί
1050 2422 1250 2488 Cumque
1291 2441 1403 2470 uuus
1439 2440 1497 2470 ex
1533 2430 1666 2471 coetu

181 2503 507 2566 respondisset,
527 2521 626 2552 eum
649 2505 797 2569 ipsum
816 2505 903 2552 hoc
928 2504 1066 2550 otium
1081 2504 1174 2550 illis
1195 2504 1376 2565 fecisse,
1406 2520 1524 2564 cum,
1553 2520 1667 2567 quac

182 2582 238 2628 ab
261 2582 343 2630 illo
368 2590 712 2647 exspectarent,
748 2585 817 2631 illi
845 2584 1060 2632 ducerent
1090 2584 1209 2630 omni
1244 2584 1425 2647 negotio
1462 2584 1666 2648 potiora:

181 2662 400 2728 „Atque,
436 2672 499 2712 ut
519 2665 680 2725 video,
717 2665 878 2729 inquit,
907 2665 1151 2713 universa
1179 2664 1271 2712 illa
1282 2666 1512 2730 jactura
1536 2666 1662 2729 ejus,

181 2745 355 2809 „quod
370 2744 453 2792 liic
473 2753 809 2793 consumetur
829 2745 1095 2810 temporis,
1118 2761 1216 2810 quo
1239 2753 1386 2793 certe
1405 2762 1494 2793 cos
1516 2761 1664 2808 sepa-

181 2823 334 2883 „rati
345 2825 526 2874 multis
540 2825 847 2874 mortalibus
862 2825 1223 2890 profuissetis,
1249 2826 1321 2872 ad
1337 2841 1472 2871 meas
1498 2823 1664 2870 ratio-

180 2921 302 2961 „nes
320 2906 548 2954 accedet.
584 2907 732 2965 Quod
743 2907 794 2956 si
803 2907 885 2954 ita
910 2913 1008 2966 est,
1028 2906 1302 2953 ridendum
1304 2904 1577 2968 profecto,
1597 2920 1661 2950 ne

180 2999 300 3040 „vos
313 2984 510 3035 diutius
530 2989 751 3035 morer.“
790 2985 938 3035 Simul
963 2984 1167 3032 consedit
1179 2984 1345 3046 absque
1359 2990 1571 3046 suggesto
1588 2989 1665 3029 aut

1377 3059 1438 3100 3&
