1947 3456
311 298 406 342 128
826 296 1265 341 VERULAMII

306 419 426 465 bent-
504 415 720 463 Nostra
764 417 905 463 enim
947 417 1033 464 via
1073 417 1416 465 inveniendi
1460 419 1768 480 scientias,

306 502 590 559 exaequat
629 496 748 541 sere
786 495 1018 557 ingenia
1062 501 1118 543 et
1159 513 1265 543 non
1309 497 1537 544 multum
1579 498 1769 544 excel—-

303 576 519 623 lentiae
556 588 743 620 eorum
779 574 1097 636 rclinquit3
1137 590 1257 621 cum
1296 576 1478 622 omnia
1515 591 1613 639 per
1648 591 1771 623 cer-

303 654 558 702 tissimas
585 653 820 714 regulas
845 657 897 699 et
922 651 1436 702 demonstrationes
1462 654 1770 717 transigat.

402 742 560 805 Itaque
595 741 736 790 haec
771 747 972 788 nostra
1006 746 1055 788 ut
1081 758 1215 806 saepe
1250 742 1469 804 diximus,
1504 743 1770 791 felicita-

299 822 379 869 tis
416 821 714 884 cujusdam
748 827 882 867 sunt
918 820 1118 883 potius
1155 836 1310 884 quam
1343 821 1681 877 facultatis,
1715 827 1769 868 et

300 901 498 965 potius
525 900 799 963 temporis
834 905 1030 962 partus
1067 915 1220 962 quam
1256 899 1497 963 ingenii.
1543 898 1630 946 Est
1651 899 1767 946 enim

301 986 461 1028 certe
498 995 668 1026 casus
706 977 928 1039 aliquis
966 993 1052 1024 non
1091 978 1236 1024 minus
1270 978 1327 1024 in
1374 977 1768 1040 cogitationi-

299 1060 399 1106 bus
435 1057 667 1117 humanis,
706 1072 834 1120 quam
863 1056 916 1100 iu
948 1056 1222 1119 operibus
1254 1062 1308 1103 et
1341 1056 1547 1103 factis.

915 1187 1148 1236 CXXIII.

399 1281 600 1343 Itaque
630 1278 925 1325 dicendum
956 1277 1019 1325 de
1047 1278 1210 1325 nobis
1238 1277 1412 1342 ipsis,
1449 1277 1565 1342 quod
1584 1278 1663 1325 ille
1685 1293 1766 1341 per

293 1362 444 1425 jocum
477 1359 618 1418 dixit,
654 1357 917 1422 praesertim
947 1373 1045 1403 cum
1077 1362 1166 1403 tam
1199 1358 1312 1404 bene
1343 1373 1437 1404 rem
1467 1364 1610 1405 secet:
1633 1357 1771 1416 fieri

297 1457 400 1487 non
418 1445 603 1503 potest
634 1445 698 1485 ut
724 1437 858 1485 idem
883 1436 1132 1496 sentiant,
1171 1436 1263 1500 qui
1284 1453 1472 1501 aquam
1490 1443 1545 1483 et
1574 1436 1666 1500 qui
1688 1436 1766 1483 ci-

296 1536 418 1567 nam
444 1517 630 1566 bibant.

393 1597 458 1643 At
483 1594 649 1642 caeteri
670 1592 888 1652 homines,
922 1603 1010 1639 tam
1041 1597 1212 1640 veteres
1235 1609 1364 1656 quam
1389 1592 1509 1652 novi,
1545 1592 1764 1655 liquorem

294 1675 503 1721 biberunt
530 1673 713 1720 crudum
743 1672 787 1718 in
812 1672 1030 1731 scientiis,
1066 1679 1273 1735 tanquam
1303 1687 1477 1734 aquam,
1513 1671 1584 1718 vel
1605 1678 1763 1734 sponte

295 1771 349 1802 ex
372 1755 604 1801 intellectu
627 1756 894 1810 manantem,
933 1752 1002 1797 vel
1025 1767 1106 1815 per
1130 1750 1426 1810 dialecticam,
1451 1756 1659 1814 tanquam
1683 1765 1763 1812 per

292 1838 414 1879 rotas
439 1849 495 1879 ex
519 1837 652 1895 puteo
678 1830 894 1876 haustam.

396 1921 461 1968 At
492 1937 604 1980 nOS,
639 1920 857 1982 liquorem
894 1918 1084 1966 bibimus
1120 1923 1165 1966 et
1195 1918 1482 1982 propinamus
1518 1934 1573 1965 ex
1606 1917 1762 1963 infini-

291 2001 350 2048 tis
382 2000 631 2046 consectum
654 1999 767 2056 uvis,
806 1998 949 2060 iisque
979 1998 1163 2044 maturis
1189 2011 1233 2044 et
1264 1998 1565 2061 tempestivis,
1601 2003 1646 2043 et
1680 2012 1761 2059 per

292 2094 494 2125 racemos
517 2076 728 2139 quosdam
754 2076 956 2122 collectis
977 2091 1029 2122 ac
1052 2076 1291 2139 decerptis,
1323 2075 1510 2122 subinde
1534 2076 1580 2121 in
1603 2081 1759 2121 torcu-

290 2157 375 2204 lari
399 2155 581 2220 pressis,
619 2171 671 2201 ac
689 2159 913 2218 postremo
941 2154 986 2200 in
1010 2170 1113 2200 vase
1137 2154 1388 2217 repurgatis
1414 2159 1458 2199 et
1482 2153 1758 2200 clarificatis.

391 2235 550 2298 Itaque
571 2234 654 2280 nil
684 2234 906 2293 mirum,
933 2233 971 2279 si
993 2233 1122 2279 nobis
1146 2249 1244 2280 cum
1267 2233 1368 2279 aliis
1396 2248 1483 2278 non
1508 2231 1757 2278 conveniat.

911 2367 1137 2415 CXXIV.

393 2460 690 2507 Occurrot
735 2458 1128 2520 proculdubio
1177 2464 1228 2505 et
1262 2456 1438 2503 illud:
1483 2473 1596 2504 nec
1638 2472 1756 2504 me-

291 2549 413 2588 tam
437 2546 545 2587 ant
575 2554 829 2601 scopum
854 2537 1282 2584 scientiarum
1313 2555 1346 2584 a
1372 2535 1549 2584 nobis
1576 2535 1753 2599 ipsis,

288 2621 345 2668 id
367 2618 503 2683 quod
531 2617 585 2663 in
614 2616 729 2663 aliis
760 2615 1177 2680 reprehendimus
1189 2651 1202 2674 ‚
1246 2632 1276 2662 v
1290 2631 1461 2662 erum
1495 2630 1522 2661 e
1534 2621 1560 2661 t
1589 2629 1662 2677 op
1675 2612 1754 2659 ti-

288 2714 444 2747 mum
473 2713 509 2761 p
523 2713 553 2742 r
565 2713 596 2742 a
608 2694 749 2755 eficc
764 2711 796 2739 u
808 2712 858 2741 m
895 2711 922 2740 e
935 2711 959 2741 s
974 2711 998 2741 s
1014 2712 1054 2741 e.
1123 2695 1250 2743 Esse
1277 2694 1409 2740 enim
1439 2690 1750 2755 contempla-

290 2779 482 2826 tionem
509 2774 751 2821 veritatis
765 2807 777 2830 ‚
816 2774 958 2819 omni
975 2790 1184 2837 opernm
1210 2773 1448 2819 utilitate
1471 2777 1528 2817 et
1551 2770 1750 2830 magni-

288 2857 465 2904 tudine
490 2852 775 2914 digniorem
806 2859 860 2898 et
881 2851 1148 2899 celsiorem
1160 2870 1182 2908 ,·
1217 2851 1422 2912 longam
1449 2864 1570 2895 vero
1593 2848 1752 2896 istam

287 2944 342 2984 et
371 2933 646 2983 sollicitam
673 2948 873 2979 moram
902 2931 956 2978 in
988 2929 1313 2994 experientia
1346 2935 1401 2976 et
1432 2927 1657 2976 materia
1696 2933 1752 2975 et
