2064 3490
541 722 1350 785 PRAEFATIO.

195 927 341 1011 Qui
366 949 429 996 de
471 953 684 994 natura
717 951 980 1008 tanquam
1017 943 1082 990 de
1113 960 1171 991 re
1210 945 1527 1006 explorata
1561 957 1690 1005 pro-

192 1028 476 1078 nuntiare
510 1026 642 1074 ausi
670 1030 821 1085 sunt,
857 1022 980 1071 sive
1011 1022 1116 1070 hoc
1147 1039 1216 1070 ex
1246 1021 1426 1069 animi
1458 1021 1692 1069 fiducia

195 1109 471 1168 fecerint,
508 1107 634 1156 sive
660 1104 1009 1156 ambitiose
1040 1111 1108 1152 et
1134 1119 1302 1152 more
1330 1105 1577 1169 profes
1596 1119 1693 1153 so-

195 1190 331 1249 rio,
375 1186 642 1237 maximis
732 1184 833 1231 illi
912 1183 1350 1248 philosophiam
1397 1192 1451 1232 et
1503 1185 1695 1233 scien-

197 1270 319 1318 tias
355 1265 738 1317 detrimentis
775 1264 1065 1312 affecere.
1120 1264 1195 1312 Ut
1230 1265 1378 1313 enim
1417 1264 1481 1311 ad
1519 1264 1695 1313 fidem

195 1347 535 1398 faciendam
572 1344 787 1406 validi,
823 1344 908 1391 ita
947 1344 1113 1392 etiam
1151 1343 1218 1391 ad
1247 1344 1695 1409 inquisitionem

199 1426 660 1492 extinguendam
686 1431 740 1474 et
766 1424 1214 1488 abrumpendam
1239 1425 1539 1473 efficaces
1574 1423 1699 1472 fue-

199 1514 352 1556 runt.
417 1506 619 1571 Neque
657 1506 886 1553 virtute
922 1505 1166 1569 propria
1201 1511 1430 1553 tantum
1462 1505 1699 1569 profue-

201 1596 368 1649 runt,
405 1586 770 1653 quantumin
807 1585 913 1632 hoc
948 1591 1309 1647 nocuerunt,
1357 1585 1502 1650 quod
1549 1585 1700 1632 alio-

202 1686 320 1718 rum
358 1668 639 1716 virtutem
674 1664 1059 1730 corruperint
1096 1670 1152 1712 et
1187 1665 1587 1729 perdiderint.

307 1748 401 1810 Qui
428 1753 576 1796 autem
605 1746 879 1795 contrariam
910 1745 1016 1793 huic
1054 1746 1168 1792 viam
1201 1745 1397 1810 ingressi
1433 1752 1539 1794 sunt
1568 1751 1702 1811 atque

206 1828 362 1876 nihil
390 1844 637 1893 prorsus
668 1827 818 1875 sciri
853 1843 1027 1891 posse
1062 1832 1379 1887 asseruerunt,
1423 1827 1517 1875 sive
1548 1844 1607 1875 ex
1626 1844 1703 1875 so-

205 1908 457 1973 phistarum
492 1913 688 1956 veterum
721 1907 843 1968 odio,
881 1906 975 1954 sive
1010 1923 1069 1954 ex
1107 1906 1246 1953 animi
1280 1906 1593 1969 fluctuatione,
1627 1914 1704 1955 aut

208 1990 343 2039 etiam
366 2006 424 2038 ex
448 1988 639 2054 quadam
663 1987 897 2036 doctrinae
924 1987 1086 2051 copia,
1122 1987 1171 2034 in
1197 1986 1315 2035 hanc
1339 1988 1598 2052 opinionem
1623 1987 1706 2036 de-

208 2069 328 2135 lapsi
349 2070 458 2131 sint,
497 2075 620 2118 certe
641 2085 731 2116 non
763 2067 1116 2116 contemnendas
1149 2068 1247 2133 ejus
1276 2067 1707 2130 rationesadduxe-

209 2155 339 2210 runt3
375 2156 668 2198 veruntamen
691 2166 776 2198 nee
798 2165 825 2196 a
853 2148 969 2197 veris
998 2148 1144 2196 initiis
1175 2149 1445 2196 sententiam
1476 2164 1601 2196 suam
1625 2148 1708 2197 de-

213 2231 416 2279 rivat-unt
455 2236 500 2279 et
537 2230 688 2279 studio
722 2228 913 2294 quodam
956 2234 1091 2293 atque
1125 2228 1415 2278 affectatione
1464 2245 1709 2293 prorsus

213 2311 436 2360 modum
473 2315 878 2360 excesserunt.

318 2391 385 2440 At
441 2391 816 2456 antiquiores
875 2406 943 2437 ex
994 2387 1248 2437 Graecis
1300 2405 1489 2452 quorum
1541 2391 1712 2455 scripta

218 2470 478 2537 perierunt,
514 2473 634 2520 inter
672 2469 996 2536 pronuntiandi
1029 2468 1297 2535 jactantiam
1332 2475 1376 2516 et
1408 2470 1713 2536 acatalepsiae

219 2552 579 2618 desperationem
617 2551 976 2617 prudentius
1014 2567 1072 2599 se
1110 2549 1551 2599 sustinuerunt.
1621 2551 1714 2599 At-

221 2650 305 2698 que
334 2632 390 2681 de
422 2632 728 2698 inquisitionis
753 2631 1022 2680 difficultate
1055 2637 1100 2678 et
1131 2647 1280 2678 rerum
1302 2631 1581 2680 obscuritate
1610 2647 1714 2679 sae-

222 2714 323 2779 pius
359 2714 664 2779 querimonias
693 2719 738 2762 et
767 2711 1102 2776 indignationes
1125 2711 1366 2760 miscentes
1390 2718 1436 2761 et
1461 2712 1599 2761 veluti
1620 2711 1717 2758 sre-

222 2811 324 2842 num
360 2793 647 2856 mordentes,
685 2800 832 2841 tamen
864 2792 1144 2858 propositum
1181 2809 1341 2857 urgere
1370 2799 1503 2858 atque
1529 2798 1715 2840 naturae

218 2890 269 2922 se
296 2874 551 2924 immiscere
583 2891 672 2923 non
694 2873 990 2929 destiterunt,
1026 2878 1407 2934 consentaneum,
1446 2879 1492 2920 ut
1528 2871 1717 2934 videtur,

228 2954 566 3016 existimantes,
627 2955 713 3005 hoe
757 2955 904 3021 ipsum
947 2953 1186 3017 [videlieet
1248 2960 1435 3002 utrum
1484 2953 1608 3019 aliq
1626 2954 1719 3002 uid
