1947 3456
305 303 399 348 loo
837 295 1267 340 VERULAMII

300 427 447 470 mento
471 420 566 467 sore
591 418 865 482 experietur.
935 415 1148 464 Studia
1185 415 1332 463 enim
1368 414 1671 474 hominum,
1707 414 1762 459 in

296 498 585 565 ejusmodi
620 497 789 555 locis,
827 495 881 540 in
913 495 1258 558 quorundam
1287 499 1544 540 autorum
1581 493 1763 554 scrip—

298 589 382 639 ta,
421 576 603 624 veluti
654 575 709 620 in
747 589 1020 620 carceres
1058 574 1340 620 conclusa
1376 578 1532 630 sunt,
1582 586 1608 616 a
1643 571 1764 634 qui-

300 661 398 705 bus
432 657 479 702 si
514 654 642 718 quis
673 651 1009 711 dissentiat,
1058 652 1334 697 continuo
1370 657 1428 697 ut
1459 651 1620 696 homo
1645 654 1765 695 tur-

300 735 469 782 bidus
505 739 560 780 et
597 747 779 779 rerum
826 746 1092 776 novarum
1137 729 1380 792 cupidus
1425 729 1764 792 corripitur.

403 835 467 882 At
498 849 704 895 magnum
739 838 860 878 certe
901 830 1137 877 discrimen
1164 831 1281 877 inter
1327 846 1419 877 res
1466 830 1675 877 civiles
1723 835 1766 875 ct

301 919 485 971 artes3
522 928 611 958 non
638 911 752 958 enim
774 909 888 956 idem
919 910 1163 973 periculum
1199 925 1223 955 a
1250 926 1362 956 novo
1393 915 1511 955 motu
1538 913 1582 954 ct
1609 923 1635 953 a
1655 923 1768 953 nova

300 993 418 1039 luce.
487 989 658 1037 Verum
695 989 749 1034 in
788 989 952 1035 rebus
983 988 1297 1048 civilibus,
1346 987 1530 1034 mutatio
1564 987 1694 1033 etiam
1720 987 1765 1032 in

301 1071 477 1130 melius,
504 1072 711 1131 suspecta
735 1072 801 1112 est
826 1068 880 1112 ob
910 1067 1306 1128 perturbationem,
1330 1083 1427 1114 cum
1451 1065 1617 1126 civilia,
1641 1071 1767 1112 auto-

299 1150 449 1208 ritate,
487 1161 724 1204 consensu,
760 1144 877 1190 fama
914 1150 958 1191 et
989 1146 1226 1210 opinione,
1273 1161 1361 1191 non
1391 1144 1766 1190 demonstratione

299 1228 515 1274 nitantur.
571 1224 634 1271 In
672 1224 895 1270 artibus
927 1230 1108 1272 autem
1146 1231 1198 1272 et
1234 1222 1534 1289 scientiis,
1559 1228 1767 1286 tanquam

303 1307 350 1354 in
381 1303 551 1352 metalli
584 1302 775 1363 fodinis,
821 1302 968 1348 omnia
999 1303 1125 1350 novis
1161 1303 1370 1367 operibus
1402 1307 1447 1349 et
1478 1302 1766 1349 ulterioribus

301 1383 612 1449 progressibus
635 1382 1004 1444 circumstrepere
1030 1381 1206 1429 debent.

401 1485 552 1547 Atque
599 1481 914 1530 secundum
959 1488 1178 1530 rectam
1223 1481 1511 1528 rationem
1555 1497 1647 1528 res
1681 1482 1767 1529 ita

301 1581 357 1611 se
385 1564 588 1621 habet,
625 1561 703 1608 sed
723 1561 901 1607 interim
933 1577 1020 1607 non
1044 1561 1108 1608 ita
1141 1561 1328 1620 vivitur,
1373 1559 1467 1607 sed
1497 1559 1601 1619 ista,
1639 1577 1767 1624 quam

299 1642 509 1701 diximus,
543 1640 941 1687 doctrinarum
979 1638 1413 1687 administratio
1451 1643 1507 1685 et
1537 1638 1767 1702 politia,

298 1720 680 1769 scientiarum
729 1724 1028 1782 augmenta
1073 1718 1276 1766 durius
1332 1735 1591 1783 premere
1636 1735 1767 1766 con-

298 1799 508 1848 suevit.

968 1885 1100 1937 XCI.

400 1989 551 2052 Atque
591 1988 774 2051 insuper
812 1988 921 2034 licet
971 1989 1058 2034 ista
1096 1987 1263 2035 invidia
1300 1988 1569 2049 cessaverit,
1618 1992 1766 2034 tamen

296 2069 444 2115 satis
489 2073 574 2114 est
621 2066 688 2112 ad
743 2066 1123 2113 cohibendum
1174 2072 1532 2128 augmentum
1576 2066 1767 2113 scien-

296 2148 533 2205 tiarum,
581 2143 727 2207 quod
759 2144 1011 2208 hujusmodi
1045 2151 1230 2192 conatus
1258 2150 1302 2191 et
1323 2144 1568 2192 industriae
1604 2160 1703 2208 pra
1716 2160 1768 2191 e-

294 2225 427 2271 miis
459 2229 715 2270 careant.
785 2222 890 2270 Non
931 2224 1048 2270 enim
1087 2240 1223 2287 penes
1257 2222 1436 2271 eosdem
1481 2230 1548 2271 est
1590 2223 1767 2270 cultura

293 2303 580 2350 scientiarum
592 2308 636 2349 et
658 2302 920 2366 praemium.
990 2301 1293 2350 Scientiarum
1327 2303 1444 2350 enim
1475 2307 1712 2365 augmenta
1740 2317 1767 2348 a

292 2381 463 2444 magnis
496 2380 648 2444 utique
679 2381 872 2443 ingeniis
901 2381 1191 2444 proveniunt3
1239 2388 1285 2429 at
1317 2383 1463 2446 pretia
1494 2387 1539 2428 et
1567 2380 1767 2444 praemia.

292 2459 576 2506 scientiarum
609 2464 711 2505 sunt
743 2475 880 2522 penes
910 2460 1067 2521 vulgus
1098 2467 1173 2507 aut
1213 2461 1442 2525 principes
1479 2460 1623 2519 viros,
1671 2457 1764 2522 qui,

292 2537 380 2583 nisi
404 2552 505 2582 raro
531 2537 781 2597 admodum,
802 2538 879 2584 vix
900 2536 1186 2585 mediocriter
1206 2538 1327 2586 docti
1345 2545 1465 2586 sunt.
1507 2536 1762 2597 Quinetiam

290 2614 543 2680 hujusmodi
576 2632 865 2678 progressus,
911 2631 1001 2662 non
1034 2616 1177 2662 solum
1209 2616 1419 2680 praemiis
1455 2621 1500 2664 et
1535 2613 1762 2662 benefi-

289 2693 480 2740 centia
514 2693 540 2738 h
559 2694 820 2753 ominum,
843 2709 992 2740 verum
1010 2694 1142 2741 etiam
1164 2696 1263 2759 ipsa
1285 2712 1388 2760 pop
1406 2693 1557 2741 ulari
1592 2689 1760 2738 laude

291 2771 493 2819 destituti
516 2778 634 2819 sunt.
686 2771 807 2819 Sunt
831 2771 947 2818 enim
965 2771 1034 2817 illi
1059 2789 1193 2837 supra
1213 2780 1389 2837 captum
1410 2772 1630 2819 maximae
1652 2785 1762 2832 par-

292 2849 348 2896 tis
378 2850 633 2911 hominum,
681 2856 725 2897 et
756 2850 811 2896 ab
854 2850 1110 2912 opinionum
1161 2853 1407 2916 vulgarium
1445 2850 1587 2898 ventis
1624 2847 1759 2895 facile

287 2927 532 2977 obruuntur
546 2935 590 2977 et
613 2929 957 2993 extinguuntur.
