1947 3456
298 279 396 327 13ss
809 282 1240 328 VERULAMII

305 417 404 447 nos
440 400 688 449 invicem
726 401 1078 465 dignoscere
1114 403 1427 467 possimus,
1461 408 1517 451 et
1551 404 1770 452 nihilo-

306 479 489 526 minus
519 480 644 544 ipsa
680 481 831 528 visio
867 482 1049 540 lucis,
1093 498 1186 529 res
1231 481 1636 545 praestantior
1683 487 1772 529 est

309 563 365 604 ct
399 558 725 621 pulchrior,
766 576 922 622 quam
960 561 1276 623 multiplex
1326 561 1450 624 ejus
1484 576 1643 618 usus3
1689 559 1774 607 ita

307 642 469 683 certe
509 636 639 700 ipsa
689 637 1105 701 contemplatio
1148 654 1356 699 rerum,
1411 643 1580 702 prout
1626 642 1772 698 sunt,

308 714 434 761 sine
470 715 893 778 superstitione
930 721 1023 762 aut
1056 716 1404 779 impostura,
1442 733 1641 764 errore
1678 721 1774 763 aut

309 791 677 854 confusione,
707 794 760 840 in
797 811 856 842 se
891 794 1018 856 ipsa
1050 795 1225 856 magis
1262 794 1435 858 digna
1466 801 1581 856 est,
1617 811 1773 859 quam

307 870 623 918 universus
658 872 1025 919 inventorum
1062 873 1303 921 fructus.

405 981 734 1044 Postremo,
789 984 827 1029 si
865 983 962 1047 quis
1004 983 1362 1047 depravationem
1404 984 1690 1031 scientiarum
1731 987 1776 1030 et

311 1059 472 1107 artium
498 1061 553 1107 ad
579 1062 793 1109 malitiam
815 1068 859 1109 et
881 1063 1105 1108 luxuriam
1140 1068 1184 1109 et
1211 1063 1404 1123 similia,
1445 1063 1685 1126 objecerit3
1729 1061 1775 1107 id

307 1139 526 1186 neminem
550 1146 739 1187 moveat.
810 1139 930 1186 Illud
958 1140 1071 1187 enim
1098 1140 1151 1187 (le
1170 1141 1371 1188 omnibus
1394 1141 1627 1187 mundanis
1648 1141 1775 1186 bonis

308 1214 396 1262 dici
425 1222 590 1279 potest,
622 1218 821 1281 ingenio,
857 1218 1145 1279 fortitudine,
1181 1219 1365 1281 viribus,
1401 1220 1560 1279 forma,
1592 1218 1776 1279 divitiis,

306 1291 510 1341 LUCE
546 1295 745 1357 IPSA,
777 1302 822 1344 et
850 1297 1051 1361 reliquis.
1121 1286 1454 1362 Recu'peret
1488 1297 1647 1345 modo
1685 1314 1776 1360 ge-

306 1387 408 1418 nus
445 1373 767 1435 humanum,
799 1376 892 1439 jus
929 1375 1174 1422 suumin
1211 1382 1493 1438 naturam,
1545 1376 1686 1440 quod
1725 1377 1776 1424 ei

307 1447 412 1496 EX
467 1450 953 1501 DOTATIONE
1014 1453 1297 1501 DIVINA
1355 1455 1658 1519 competit,
1723 1460 1776 1503 et

308 1528 478 1577 detur
518 1531 568 1578 ei
603 1533 802 1595 copia3
850 1549 1006 1579 usum
1045 1548 1180 1579 vero
1226 1531 1489 1581 RECTA
1524 1532 1774 1582 RATIO

310 1604 411 1654 ET
449 1607 650 1657 SANA
685 1608 1028 1658 RELIGIO
1058 1608 1593 1659 GUBERNABIT.

941 1753 1149 1803 CXXX.

414 1853 535 1902 Jam
573 1872 705 1903 vero
738 1862 958 1921 tempus
994 1862 1098 1917 est,
1134 1862 1191 1903 ut
1219 1856 1500 1904 ARTEM
1534 1855 1778 1905 IPSAM

312 1928 990 1983 INTERPRETANDI
1046 1935 1436 1984 NATURAM
1495 1951 1778 2000 propona-

311 2025 443 2070 mus,
480 2012 525 2058 in
551 2030 653 2076 qua,
687 2015 795 2061 licet
813 2031 894 2060 nos
917 2015 1155 2062 utilissima
1179 2020 1223 2063 et
1244 2015 1473 2062 verissima
1496 2013 1778 2079 praecepisse

312 2088 595 2152 arbitremur,
620 2098 766 2139 tamen
803 2093 1220 2141 necessitatem
1258 2094 1309 2140 ei
1349 2094 1688 2152 absolutam,
1724 2108 1779 2138 ac

312 2166 352 2212 si
374 2167 540 2232 absque
565 2186 618 2217 ea
648 2171 713 2217 nil
737 2171 809 2234 agi
833 2170 992 2235 possit,
1022 2177 1118 2218 aut
1146 2172 1314 2219 etiam
1350 2171 1776 2235 perfectionem

313 2260 418 2292 non
456 2247 854 2296 adtribuimus.

412 2357 593 2408 Etenim
620 2361 666 2408 in
691 2378 742 2410 ea
770 2363 978 2426 opinione
1002 2378 1178 2422 sumus3
1215 2362 1263 2410 si
1288 2363 1500 2426 justam
1538 2366 1780 2408 naturae

314 2441 368 2483 et
414 2440 825 2502 experientiae
869 2441 1171 2488 historiam
1216 2446 1456 2504 praesto
1497 2440 1782 2488 haberent

313 2514 594 2579 homines,
629 2524 801 2585 atque
837 2520 893 2565 in
930 2536 994 2566 ea
1029 2519 1230 2567 sedulo
1263 2524 1671 2578 versarentur,
1706 2518 1781 2565 si-

317 2592 491 2656 bique
537 2595 674 2644 duas
722 2615 811 2645 res
854 2599 1142 2662 imperare
1190 2605 1454 2662 possent,
1515 2613 1676 2656 unam,
1731 2600 1781 2641 ut

316 2679 589 2736 receptas
647 2677 954 2740 opiniones
1014 2677 1392 2740 deponerent,
1458 2677 1670 2734 alteram,
1731 2678 1781 2720 ut

316 2756 552 2799 mentem
586 2769 612 2799 a
640 2756 989 2817 generalissimis
1014 2763 1058 2803 et
1084 2757 1301 2819 proximis
1332 2758 1386 2803 ab
1420 2756 1513 2802 illis
1548 2753 1613 2800 ad
1647 2757 1781 2799 tem-

320 2846 421 2891 pus
456 2831 829 2894 cohiberent,
864 2834 987 2895 fore,
1025 2840 1072 2882 ut
1102 2835 1233 2883 etiam
1262 2836 1304 2882 vi
1338 2833 1520 2898 propria
1555 2836 1599 2878 et
1621 2831 1782 2893 genui-

317 2924 374 2954 na
425 2911 602 2973 mentis,
656 2913 867 2976 absque
923 2914 1039 2960 alia
1098 2920 1249 2974 arte,
1304 2911 1396 2959 IN
1442 2909 1780 2958 FORMAM
