<?xml version="1.0" encoding="UTF-8"?>
<!DOCTYPE html PUBLIC "-//W3C//DTD XHTML 1.0 Transitional//EN"
    "http://www.w3.org/TR/xhtml1/DTD/xhtml1-transitional.dtd">
<html xmlns="http://www.w3.org/1999/xhtml" xml:lang="en" lang="en">
 <head>
  <title>
</title>
<meta http-equiv="Content-Type" content="text/html;charset=utf-8" />
  <meta name='ocr-system' content='tesseract 3.04.00' />
  <meta name='ocr-capabilities' content='ocr_page ocr_carea ocr_par ocr_line ocrx_word'/>
</head>
<body>
  <div class='ocr_page' id='page_1' title='image "./franciscibaconid01baco/franciscibaconid01baco_0077.png"; bbox 0 0 2064 3490; ppageno 0'>
   <div class='ocr_carea' id='block_1_1' title="bbox 638 286 1713 336">
    <p class='ocr_par' dir='ltr' id='par_1_1' title="bbox 638 286 1713 336">
     <span class='ocr_line' id='line_1_1' title="bbox 638 286 1713 336; baseline -0.002 -2"><span class='ocrx_word' id='word_1_1' title='bbox 638 289 898 336; x_wconf 79' lang='lat' dir='ltr'><strong>NOVUM</strong></span> <span class='ocrx_word' id='word_1_2' title='bbox 955 286 1321 334; x_wconf 70' lang='lat' dir='ltr'><strong>ORGANUM</strong></span> <span class='ocrx_word' id='word_1_3' title='bbox 1655 288 1713 333; x_wconf 79' lang='lat'>71</span> 
     </span>
    </p>
   </div>
   <div class='ocr_carea' id='block_1_2' title="bbox 227 408 1714 952">
    <p class='ocr_par' dir='ltr' id='par_1_2' title="bbox 227 408 1714 952">
     <span class='ocr_line' id='line_1_2' title="bbox 234 408 1714 478; baseline -0.001 -18"><span class='ocrx_word' id='word_1_4' title='bbox 234 411 458 474; x_wconf 83' lang='lat' dir='ltr'>tandiS,</span> <span class='ocrx_word' id='word_1_5' title='bbox 510 428 689 478; x_wconf 86' lang='lat' dir='ltr'>opera</span> <span class='ocrx_word' id='word_1_6' title='bbox 734 411 1081 469; x_wconf 81' lang='lat' dir='ltr'><strong>insumatur,</strong></span> <span class='ocrx_word' id='word_1_7' title='bbox 1130 425 1230 456; x_wconf 89' lang='lat' dir='ltr'>cum</span> <span class='ocrx_word' id='word_1_8' title='bbox 1271 409 1415 456; x_wconf 90' lang='lat' dir='ltr'>omnis</span> <span class='ocrx_word' id='word_1_9' title='bbox 1462 408 1634 457; x_wconf 85' lang='lat' dir='ltr'>utilitas</span> <span class='ocrx_word' id='word_1_10' title='bbox 1669 417 1714 459; x_wconf 89' lang='lat' dir='ltr'>et</span> 
     </span>
     <span class='ocr_line' id='line_1_3' title="bbox 232 488 1714 556; baseline 0 -17"><span class='ocrx_word' id='word_1_11' title='bbox 232 493 425 541; x_wconf 82' lang='lat' dir='ltr'><strong>facultas</strong></span> <span class='ocrx_word' id='word_1_12' title='bbox 457 492 696 556; x_wconf 86' lang='lat' dir='ltr'>operandi,</span> <span class='ocrx_word' id='word_1_13' title='bbox 753 490 801 535; x_wconf 89' lang='lat' dir='ltr'>in</span> <span class='ocrx_word' id='word_1_14' title='bbox 845 488 1004 536; x_wconf 86' lang='lat' dir='ltr'>mediis</span> <span class='ocrx_word' id='word_1_15' title='bbox 1052 489 1285 537; x_wconf 74' lang='lat' dir='ltr'>consistat.</span> <span class='ocrx_word' id='word_1_16' title='bbox 1371 488 1494 536; x_wconf 88' lang='lat' dir='ltr'>Hinc</span> <span class='ocrx_word' id='word_1_17' title='bbox 1539 489 1615 550; x_wconf 91' lang='lat' dir='ltr'>fit,</span> <span class='ocrx_word' id='word_1_18' title='bbox 1666 497 1714 539; x_wconf 91' lang='lat' dir='ltr'>ut</span> 
     </span>
     <span class='ocr_line' id='line_1_4' title="bbox 232 567 1711 629; baseline -0.001 -9"><span class='ocrx_word' id='word_1_19' title='bbox 232 571 575 620; x_wconf 82' lang='lat' dir='ltr'>abstrahere</span> <span class='ocrx_word' id='word_1_20' title='bbox 621 575 883 617; x_wconf 85' lang='lat' dir='ltr'>naturam</span> <span class='ocrx_word' id='word_1_21' title='bbox 931 568 1134 616; x_wconf 88' lang='lat' dir='ltr'>homines</span> <span class='ocrx_word' id='word_1_22' title='bbox 1165 585 1253 615; x_wconf 90' lang='lat' dir='ltr'>non</span> <span class='ocrx_word' id='word_1_23' title='bbox 1289 567 1523 629; x_wconf 80' lang='lat' dir='ltr'>desinant,</span> <span class='ocrx_word' id='word_1_24' title='bbox 1569 568 1711 619; x_wconf 83' lang='lat' dir='ltr'>donec</span> 
     </span>
     <span class='ocr_line' id='line_1_5' title="bbox 231 648 1709 714; baseline -0.003 -14"><span class='ocrx_word' id='word_1_25' title='bbox 231 653 297 700; x_wconf 89' lang='lat' dir='ltr'>ad</span> <span class='ocrx_word' id='word_1_26' title='bbox 333 651 630 698; x_wconf 84' lang='lat' dir='ltr'><strong>materiam</strong></span> <span class='ocrx_word' id='word_1_27' title='bbox 668 648 1055 714; x_wconf 83' lang='lat' dir='ltr'>potentialem</span> <span class='ocrx_word' id='word_1_28' title='bbox 1097 654 1150 696; x_wconf 91' lang='lat' dir='ltr'>et</span> <span class='ocrx_word' id='word_1_29' title='bbox 1195 648 1497 695; x_wconf 84' lang='lat' dir='ltr'>informem</span> <span class='ocrx_word' id='word_1_30' title='bbox 1533 655 1709 697; x_wconf 87' lang='lat' dir='ltr'>ventum</span> 
     </span>
     <span class='ocr_line' id='line_1_6' title="bbox 228 727 1708 789; baseline -0.001 -11"><span class='ocrx_word' id='word_1_31' title='bbox 228 732 390 779; x_wconf 86' lang='lat' dir='ltr'>fuerit:</span> <span class='ocrx_word' id='word_1_32' title='bbox 426 746 510 777; x_wconf 88' lang='lat' dir='ltr'>nee</span> <span class='ocrx_word' id='word_1_33' title='bbox 543 747 697 777; x_wconf 87' lang='lat' dir='ltr'>rursus</span> <span class='ocrx_word' id='word_1_34' title='bbox 730 744 934 776; x_wconf 85' lang='lat' dir='ltr'>secare</span> <span class='ocrx_word' id='word_1_35' title='bbox 979 734 1238 775; x_wconf 84' lang='lat' dir='ltr'>naturam</span> <span class='ocrx_word' id='word_1_36' title='bbox 1289 727 1520 789; x_wconf 86' lang='lat' dir='ltr'>desinant,</span> <span class='ocrx_word' id='word_1_37' title='bbox 1566 728 1708 777; x_wconf 82' lang='lat' dir='ltr'>donec</span> 
     </span>
     <span class='ocr_line' id='line_1_7' title="bbox 230 807 1704 876; baseline -0.003 -16"><span class='ocrx_word' id='word_1_38' title='bbox 230 816 493 876; x_wconf 86' lang='lat' dir='ltr'>perventum</span> <span class='ocrx_word' id='word_1_39' title='bbox 511 809 648 857; x_wconf 88' lang='lat' dir='ltr'>fuerit</span> <span class='ocrx_word' id='word_1_40' title='bbox 671 809 734 856; x_wconf 89' lang='lat' dir='ltr'>ad</span> <span class='ocrx_word' id='word_1_41' title='bbox 772 815 827 856; x_wconf 87' lang='lat' dir='ltr'>at</span> <span class='ocrx_word' id='word_1_42' title='bbox 844 827 867 855; x_wconf 91' lang='lat' dir='ltr'>o</span> <span class='ocrx_word' id='word_1_43' title='bbox 884 825 924 854; x_wconf 93' lang='lat' dir='ltr'>m</span> <span class='ocrx_word' id='word_1_44' title='bbox 940 825 964 854; x_wconf 92' lang='lat' dir='ltr'>u</span> <span class='ocrx_word' id='word_1_45' title='bbox 981 826 1046 867; x_wconf 83' lang='lat'><em>¹1¹3</em></span> <span class='ocrx_word' id='word_1_46' title='bbox 1068 823 1197 871; x_wconf 84' lang='lat' dir='ltr'>quae,</span> <span class='ocrx_word' id='word_1_47' title='bbox 1219 807 1393 854; x_wconf 87' lang='lat' dir='ltr'>etiamsi</span> <span class='ocrx_word' id='word_1_48' title='bbox 1421 824 1524 854; x_wconf 86' lang='lat' dir='ltr'>vera</span> <span class='ocrx_word' id='word_1_49' title='bbox 1538 815 1704 870; x_wconf 87' lang='lat' dir='ltr'>essent,</span> 
     </span>
     <span class='ocr_line' id='line_1_8' title="bbox 227 887 1702 952; baseline -0.001 -15"><span class='ocrx_word' id='word_1_50' title='bbox 227 896 377 938; x_wconf 89' lang='lat' dir='ltr'>tamen</span> <span class='ocrx_word' id='word_1_51' title='bbox 418 889 483 936; x_wconf 88' lang='lat' dir='ltr'>ad</span> <span class='ocrx_word' id='word_1_52' title='bbox 528 887 823 952; x_wconf 86' lang='lat' dir='ltr'>juvandas</span> <span class='ocrx_word' id='word_1_53' title='bbox 870 888 1155 935; x_wconf 90' lang='lat' dir='ltr'>hominum</span> <span class='ocrx_word' id='word_1_54' title='bbox 1203 888 1465 935; x_wconf 79' lang='lat' dir='ltr'>fortunas</span> <span class='ocrx_word' id='word_1_55' title='bbox 1509 905 1702 952; x_wconf 83' lang='lat' dir='ltr'>parum</span> 
     </span>
    </p>
   </div>
   <div class='ocr_carea' id='block_1_3' title="bbox 225 974 487 1034">
    <p class='ocr_par' dir='ltr' id='par_1_3' title="bbox 225 974 487 1034">
     <span class='ocr_line' id='line_1_9' title="bbox 225 974 487 1034; baseline -0.011 -16"><span class='ocrx_word' id='word_1_56' title='bbox 225 974 487 1034; x_wconf 86' lang='lat' dir='ltr'>possunt.</span> 
     </span>
    </p>
   </div>
   <div class='ocr_carea' id='block_1_4' title="bbox 857 1035 1070 1083">
    <p class='ocr_par' dir='ltr' id='par_1_4' title="bbox 857 1035 1070 1083">
     <span class='ocr_line' id='line_1_10' title="bbox 857 1035 1070 1083; baseline 0 0"><span class='ocrx_word' id='word_1_57' title='bbox 857 1035 1070 1083; x_wconf 89' lang='lat' dir='ltr'><strong>LXVII.</strong></span> 
     </span>
    </p>
   </div>
   <div class='ocr_carea' id='block_1_5' title="bbox 196 1124 1699 3028">
    <p class='ocr_par' dir='ltr' id='par_1_5' title="bbox 215 1124 1699 1576">
     <span class='ocr_line' id='line_1_11' title="bbox 324 1124 1699 1186; baseline -0.001 -12"><span class='ocrx_word' id='word_1_58' title='bbox 324 1126 491 1174; x_wconf 88' lang='lat' dir='ltr'>Danda</span> <span class='ocrx_word' id='word_1_59' title='bbox 513 1133 581 1176; x_wconf 92' lang='lat' dir='ltr'>est</span> <span class='ocrx_word' id='word_1_60' title='bbox 604 1127 738 1175; x_wconf 90' lang='lat' dir='ltr'>etiam</span> <span class='ocrx_word' id='word_1_61' title='bbox 767 1127 962 1174; x_wconf 86' lang='lat' dir='ltr'>cautio</span> <span class='ocrx_word' id='word_1_62' title='bbox 998 1125 1363 1186; x_wconf 90' lang='lat' dir='ltr'>intellectui,</span> <span class='ocrx_word' id='word_1_63' title='bbox 1399 1124 1462 1172; x_wconf 86' lang='lat' dir='ltr'>de</span> <span class='ocrx_word' id='word_1_64' title='bbox 1497 1124 1699 1173; x_wconf 73' lang='lat' dir='ltr'>intem-</span> 
     </span>
     <span class='ocr_line' id='line_1_12' title="bbox 221 1205 1696 1272; baseline -0.002 -17"><span class='ocrx_word' id='word_1_65' title='bbox 221 1207 516 1271; x_wconf 88' lang='lat' dir='ltr'>perantiis</span> <span class='ocrx_word' id='word_1_66' title='bbox 561 1224 588 1272; x_wconf 90' lang='lat' dir='ltr'>p</span> <span class='ocrx_word' id='word_1_67' title='bbox 605 1207 1102 1272; x_wconf 81' lang='lat' dir='ltr'>hilos&#39;opbiarum,</span> <span class='ocrx_word' id='word_1_68' title='bbox 1163 1205 1351 1270; x_wconf 84' lang='lat' dir='ltr'>quoad</span> <span class='ocrx_word' id='word_1_69' title='bbox 1400 1222 1696 1252; x_wconf 79' lang='lat' dir='ltr'>assensum</span> 
     </span>
     <span class='ocr_line' id='line_1_13' title="bbox 219 1285 1695 1351; baseline -0.002 -18"><span class='ocrx_word' id='word_1_70' title='bbox 219 1287 605 1351; x_wconf 85' lang='lat' dir='ltr'>praebendum</span> <span class='ocrx_word' id='word_1_71' title='bbox 640 1293 735 1334; x_wconf 86' lang='lat' dir='ltr'>aut</span> <span class='ocrx_word' id='word_1_72' title='bbox 764 1285 1166 1346; x_wconf 86' lang='lat' dir='ltr'>cohibendum,</span> <span class='ocrx_word' id='word_1_73' title='bbox 1199 1286 1332 1350; x_wconf 86' lang='lat' dir='ltr'>quia</span> <span class='ocrx_word' id='word_1_74' title='bbox 1361 1285 1695 1349; x_wconf 84' lang='lat' dir='ltr'>hujusmodi</span> 
     </span>
     <span class='ocr_line' id='line_1_14' title="bbox 218 1364 1696 1432; baseline -0.001 -20"><span class='ocrx_word' id='word_1_75' title='bbox 218 1366 715 1432; x_wconf 81' lang='lat' dir='ltr'>intemperantiae</span> <span class='ocrx_word' id='word_1_76' title='bbox 773 1367 1051 1415; x_wconf 88' lang='lat' dir='ltr'>videntur</span> <span class='ocrx_word' id='word_1_77' title='bbox 1101 1365 1182 1412; x_wconf 93' lang='lat' dir='ltr'>ID</span> <span class='ocrx_word' id='word_1_78' title='bbox 1199 1364 1356 1413; x_wconf 89' lang='lat' dir='ltr'>OLA</span> <span class='ocrx_word' id='word_1_79' title='bbox 1406 1365 1597 1428; x_wconf 81' lang='lat' dir='ltr'>figere</span> <span class='ocrx_word' id='word_1_80' title='bbox 1643 1370 1696 1411; x_wconf 88' lang='lat' dir='ltr'>et</span> 
     </span>
     <span class='ocr_line' id='line_1_15' title="bbox 219 1443 1693 1512; baseline -0.002 -19"><span class='ocrx_word' id='word_1_81' title='bbox 219 1445 626 1510; x_wconf 87' lang='lat' dir='ltr'>quodammodo</span> <span class='ocrx_word' id='word_1_82' title='bbox 672 1452 920 1512; x_wconf 88' lang='lat' dir='ltr'>perpetu</span> <span class='ocrx_word' id='word_1_83' title='bbox 936 1463 995 1494; x_wconf 87' lang='lat' dir='ltr'>ar</span> <span class='ocrx_word' id='word_1_84' title='bbox 1010 1464 1059 1508; x_wconf 89' lang='lat' dir='ltr'>e,</span> <span class='ocrx_word' id='word_1_85' title='bbox 1117 1463 1172 1494; x_wconf 90' lang='lat' dir='ltr'>ne</span> <span class='ocrx_word' id='word_1_86' title='bbox 1208 1445 1338 1493; x_wconf 85' lang='lat' dir='ltr'>detur</span> <span class='ocrx_word' id='word_1_87' title='bbox 1371 1444 1517 1492; x_wconf 86' lang='lat' dir='ltr'>aditus</span> <span class='ocrx_word' id='word_1_88' title='bbox 1557 1443 1612 1491; x_wconf 87' lang='lat' dir='ltr'>ad</span> <span class='ocrx_word' id='word_1_89' title='bbox 1640 1460 1693 1492; x_wconf 85' lang='lat' dir='ltr'>ea</span> 
     </span>
     <span class='ocr_line' id='line_1_16' title="bbox 215 1526 546 1576; baseline -0.006 -1"><span class='ocrx_word' id='word_1_90' title='bbox 215 1526 546 1576; x_wconf 85' lang='lat' dir='ltr'>summovenda.</span> 
     </span>
    </p>

    <p class='ocr_par' dir='ltr' id='par_1_6' title="bbox 210 1601 1690 1989">
     <span class='ocr_line' id='line_1_17' title="bbox 316 1601 1690 1670; baseline -0.002 -18"><span class='ocrx_word' id='word_1_91' title='bbox 316 1605 363 1652; x_wconf 88' lang='lat' dir='ltr'>D</span> <span class='ocrx_word' id='word_1_92' title='bbox 379 1622 404 1652; x_wconf 90' lang='lat' dir='ltr'>u</span> <span class='ocrx_word' id='word_1_93' title='bbox 417 1606 548 1670; x_wconf 81' lang='lat' dir='ltr'>plex</span> <span class='ocrx_word' id='word_1_94' title='bbox 574 1610 720 1653; x_wconf 87' lang='lat' dir='ltr'>autem</span> <span class='ocrx_word' id='word_1_95' title='bbox 746 1610 814 1653; x_wconf 88' lang='lat' dir='ltr'>est</span> <span class='ocrx_word' id='word_1_96' title='bbox 838 1622 1075 1653; x_wconf 74' lang='lat' dir='ltr'>excessus:</span> <span class='ocrx_word' id='word_1_97' title='bbox 1114 1606 1235 1652; x_wconf 74' lang='lat' dir='ltr'>alte-r</span> <span class='ocrx_word' id='word_1_98' title='bbox 1261 1621 1432 1664; x_wconf 88' lang='lat' dir='ltr'>eorum,</span> <span class='ocrx_word' id='word_1_99' title='bbox 1458 1602 1533 1667; x_wconf 81' lang='lat' dir='ltr'>qui</span> <span class='ocrx_word' id='word_1_100' title='bbox 1555 1601 1690 1649; x_wconf 78' lang='lat' dir='ltr'>facile</span> 
     </span>
     <span class='ocr_line' id='line_1_18' title="bbox 213 1681 1688 1751; baseline -0.004 -18"><span class='ocrx_word' id='word_1_101' title='bbox 213 1686 506 1751; x_wconf 87' lang='lat' dir='ltr'>pronuntiant</span> <span class='ocrx_word' id='word_1_102' title='bbox 541 1690 586 1733; x_wconf 91' lang='lat' dir='ltr'>et</span> <span class='ocrx_word' id='word_1_103' title='bbox 612 1686 825 1733; x_wconf 85' lang='lat' dir='ltr'>scientias</span> <span class='ocrx_word' id='word_1_104' title='bbox 854 1685 1045 1733; x_wconf 85' lang='lat' dir='ltr'>reddunt</span> <span class='ocrx_word' id='word_1_105' title='bbox 1072 1686 1289 1750; x_wconf 58' lang='lat' dir='ltr'>positi-aas</span> <span class='ocrx_word' id='word_1_106' title='bbox 1312 1692 1355 1732; x_wconf 92' lang='lat' dir='ltr'>et</span> <span class='ocrx_word' id='word_1_107' title='bbox 1380 1681 1688 1745; x_wconf 77' lang='lat' dir='ltr'>magistrales3</span> 
     </span>
     <span class='ocr_line' id='line_1_19' title="bbox 213 1761 1688 1830; baseline -0.003 -18"><span class='ocrx_word' id='word_1_108' title='bbox 213 1766 330 1813; x_wconf 85' lang='lat' dir='ltr'>alter</span> <span class='ocrx_word' id='word_1_109' title='bbox 347 1782 517 1826; x_wconf 88' lang='lat' dir='ltr'>eorum,</span> <span class='ocrx_word' id='word_1_110' title='bbox 539 1765 614 1830; x_wconf 91' lang='lat' dir='ltr'>qui</span> <span class='ocrx_word' id='word_1_111' title='bbox 639 1766 958 1830; x_wconf 87' lang='lat' dir='ltr'>acatalepsiam</span> <span class='ocrx_word' id='word_1_112' title='bbox 982 1765 1330 1812; x_wconf 72' lang='lat' dir='ltr'>introduxerunt</span> <span class='ocrx_word' id='word_1_113' title='bbox 1356 1769 1401 1811; x_wconf 89' lang='lat' dir='ltr'>et</span> <span class='ocrx_word' id='word_1_114' title='bbox 1426 1761 1688 1825; x_wconf 82' lang='lat' dir='ltr'>inquisitio-</span> 
     </span>
     <span class='ocr_line' id='line_1_20' title="bbox 211 1841 1685 1908; baseline -0.003 -16"><span class='ocrx_word' id='word_1_115' title='bbox 211 1862 313 1892; x_wconf 87' lang='lat' dir='ltr'>nem</span> <span class='ocrx_word' id='word_1_116' title='bbox 357 1860 510 1908; x_wconf 86' lang='lat' dir='ltr'>vagam</span> <span class='ocrx_word' id='word_1_117' title='bbox 539 1845 636 1893; x_wconf 92' lang='lat' dir='ltr'>sine</span> <span class='ocrx_word' id='word_1_118' title='bbox 673 1846 882 1894; x_wconf 88' lang='lat' dir='ltr'>termino.</span> <span class='ocrx_word' id='word_1_119' title='bbox 953 1846 992 1906; x_wconf 76' lang='lat' dir='ltr'>Q</span> <span class='ocrx_word' id='word_1_120' title='bbox 1008 1863 1033 1892; x_wconf 91' lang='grc' dir='ltr'>ιι</span> <span class='ocrx_word' id='word_1_121' title='bbox 1046 1862 1070 1892; x_wconf 94' lang='lat' dir='ltr'>o</span> <span class='ocrx_word' id='word_1_122' title='bbox 1084 1862 1198 1891; x_wconf 87' lang='lat' dir='ltr'>rum</span> <span class='ocrx_word' id='word_1_123' title='bbox 1244 1843 1424 1908; x_wconf 85' lang='lat' dir='ltr'>primu</span> <span class='ocrx_word' id='word_1_124' title='bbox 1439 1859 1459 1889; x_wconf 90' lang='lat' dir='ltr'>s</span> <span class='ocrx_word' id='word_1_125' title='bbox 1505 1842 1559 1887; x_wconf 88' lang='lat' dir='ltr'>in</span> <span class='ocrx_word' id='word_1_126' title='bbox 1573 1846 1590 1888; x_wconf 91' lang='lat' dir='ltr'>t</span> <span class='ocrx_word' id='word_1_127' title='bbox 1604 1857 1627 1888; x_wconf 90' lang='lat' dir='ltr'>e</span> <span class='ocrx_word' id='word_1_128' title='bbox 1640 1841 1685 1887; x_wconf 83' lang='lat' dir='ltr'>l-</span> 
     </span>
     <span class='ocr_line' id='line_1_21' title="bbox 210 1924 1245 1989; baseline -0.003 -16"><span class='ocrx_word' id='word_1_129' title='bbox 210 1925 418 1973; x_wconf 87' lang='lat' dir='ltr'>leotum</span> <span class='ocrx_word' id='word_1_130' title='bbox 455 1924 615 1989; x_wconf 89' lang='lat' dir='ltr'>depri</span> <span class='ocrx_word' id='word_1_131' title='bbox 632 1925 755 1985; x_wconf 90' lang='lat' dir='ltr'>mit,</span> <span class='ocrx_word' id='word_1_132' title='bbox 793 1926 944 1973; x_wconf 88' lang='lat' dir='ltr'>alter</span> <span class='ocrx_word' id='word_1_133' title='bbox 981 1929 1245 1972; x_wconf 85' lang='lat' dir='ltr'>enervat.</span> 
     </span>
    </p>

    <p class='ocr_par' dir='ltr' id='par_1_7' title="bbox 203 2002 1681 2529">
     <span class='ocr_line' id='line_1_22' title="bbox 308 2002 1681 2071; baseline -0.004 -21"><span class='ocrx_word' id='word_1_134' title='bbox 308 2002 429 2051; x_wconf 89' lang='lat' dir='ltr'>Nam</span> <span class='ocrx_word' id='word_1_135' title='bbox 466 2004 771 2055; x_wconf 70' lang='lat' dir='ltr'>Aristotelis</span> <span class='ocrx_word' id='word_1_136' title='bbox 804 2004 1133 2071; x_wconf 70' lang='lat' dir='ltr'>philosophia</span> <span class='ocrx_word' id='word_1_137' title='bbox 1148 2039 1162 2063; x_wconf 94' lang='lat'>‚</span> <span class='ocrx_word' id='word_1_138' title='bbox 1206 2005 1442 2066; x_wconf 87' lang='lat' dir='ltr'>postquam</span> <span class='ocrx_word' id='word_1_139' title='bbox 1479 2005 1681 2049; x_wconf 83' lang='lat' dir='ltr'>caeteras</span> 
     </span>
     <span class='ocr_line' id='line_1_23' title="bbox 203 2081 1681 2149; baseline -0.003 -19"><span class='ocrx_word' id='word_1_140' title='bbox 203 2082 532 2149; x_wconf 84' lang='lat' dir='ltr'>philosophias,</span> <span class='ocrx_word' id='word_1_141' title='bbox 569 2102 691 2133; x_wconf 89' lang='lat' dir='ltr'>more</span> <span class='ocrx_word' id='word_1_142' title='bbox 713 2083 1059 2133; x_wconf 86' lang='lat' dir='ltr'>Ottomanormn</span> <span class='ocrx_word' id='word_1_143' title='bbox 1083 2098 1191 2146; x_wconf 82' lang='lat' dir='ltr'>erga</span> <span class='ocrx_word' id='word_1_144' title='bbox 1211 2081 1374 2129; x_wconf 83' lang='lat' dir='ltr'>fratres</span> <span class='ocrx_word' id='word_1_145' title='bbox 1403 2097 1526 2140; x_wconf 88' lang='lat' dir='ltr'>suos,</span> <span class='ocrx_word' id='word_1_146' title='bbox 1562 2096 1681 2144; x_wconf 81' lang='lat' dir='ltr'>pug-</span> 
     </span>
     <span class='ocr_line' id='line_1_24' title="bbox 204 2158 1678 2222; baseline -0.004 -13"><span class='ocrx_word' id='word_1_147' title='bbox 204 2163 392 2211; x_wconf 87' lang='lat' dir='ltr'>nacibus</span> <span class='ocrx_word' id='word_1_148' title='bbox 433 2164 815 2213; x_wconf 82' lang='lat' dir='ltr'>confutationibus</span> <span class='ocrx_word' id='word_1_149' title='bbox 864 2162 1221 2213; x_wconf 84' lang='lat' dir='ltr'>contrucidasset</span> <span class='ocrx_word' id='word_1_150' title='bbox 1231 2195 1247 2222; x_wconf 90' lang='lat'>,</span> <span class='ocrx_word' id='word_1_151' title='bbox 1303 2160 1329 2206; x_wconf 86' lang='lat' dir='ltr'><strong>d</strong></span> <span class='ocrx_word' id='word_1_152' title='bbox 1342 2177 1365 2208; x_wconf 92' lang='lat' dir='ltr'>e</span> <span class='ocrx_word' id='word_1_153' title='bbox 1421 2160 1506 2206; x_wconf 91' lang='lat' dir='ltr'>sin</span> <span class='ocrx_word' id='word_1_154' title='bbox 1518 2158 1678 2222; x_wconf 83' lang='lat' dir='ltr'>gulis</span> 
     </span>
     <span class='ocr_line' id='line_1_25' title="bbox 204 2237 1674 2308; baseline -0.004 -18"><span class='ocrx_word' id='word_1_155' title='bbox 204 2259 272 2306; x_wconf 84' lang='lat' dir='ltr'>pr</span> <span class='ocrx_word' id='word_1_156' title='bbox 285 2260 310 2291; x_wconf 95' lang='lat' dir='ltr'>o</span> <span class='ocrx_word' id='word_1_157' title='bbox 323 2260 352 2290; x_wconf 91' lang='lat' dir='ltr'>n</span> <span class='ocrx_word' id='word_1_158' title='bbox 363 2260 391 2290; x_wconf 93' lang='grc' dir='ltr'>ιι</span> <span class='ocrx_word' id='word_1_159' title='bbox 405 2260 434 2290; x_wconf 85' lang='grc' dir='ltr'>ιι</span> <span class='ocrx_word' id='word_1_160' title='bbox 448 2244 494 2290; x_wconf 90' lang='lat' dir='ltr'>ti</span> <span class='ocrx_word' id='word_1_161' title='bbox 508 2245 621 2292; x_wconf 84' lang='lat' dir='ltr'>avit</span> <span class='ocrx_word' id='word_1_162' title='bbox 634 2262 647 2303; x_wconf 92' lang='lat'>;</span> <span class='ocrx_word' id='word_1_163' title='bbox 694 2250 738 2292; x_wconf 89' lang='lat' dir='ltr'>et</span> <span class='ocrx_word' id='word_1_164' title='bbox 774 2245 871 2308; x_wconf 90' lang='lat' dir='ltr'>ipse</span> <span class='ocrx_word' id='word_1_165' title='bbox 900 2260 1054 2290; x_wconf 87' lang='lat' dir='ltr'>rursus</span> <span class='ocrx_word' id='word_1_166' title='bbox 1083 2241 1366 2307; x_wconf 85' lang='lat' dir='ltr'>quaestiones</span> <span class='ocrx_word' id='word_1_167' title='bbox 1399 2257 1456 2288; x_wconf 78' lang='lat' dir='ltr'>ex</span> <span class='ocrx_word' id='word_1_168' title='bbox 1487 2237 1674 2285; x_wconf 88' lang='lat' dir='ltr'>arbitrio</span> 
     </span>
     <span class='ocr_line' id='line_1_26' title="bbox 205 2317 1674 2385; baseline -0.003 -16"><span class='ocrx_word' id='word_1_169' title='bbox 205 2337 285 2369; x_wconf 88' lang='lat' dir='ltr'>suo</span> <span class='ocrx_word' id='word_1_170' title='bbox 311 2323 551 2385; x_wconf 81' lang='lat' dir='ltr'>subornat,</span> <span class='ocrx_word' id='word_1_171' title='bbox 586 2323 746 2372; x_wconf 88' lang='lat' dir='ltr'>deinde</span> <span class='ocrx_word' id='word_1_172' title='bbox 771 2323 978 2385; x_wconf 86' lang='lat' dir='ltr'>conficit,</span> <span class='ocrx_word' id='word_1_173' title='bbox 1009 2328 1060 2371; x_wconf 89' lang='lat' dir='ltr'>ut</span> <span class='ocrx_word' id='word_1_174' title='bbox 1092 2321 1239 2370; x_wconf 87' lang='lat' dir='ltr'>omnia</span> <span class='ocrx_word' id='word_1_175' title='bbox 1261 2327 1383 2369; x_wconf 84' lang='lat' dir='ltr'>certa</span> <span class='ocrx_word' id='word_1_176' title='bbox 1407 2320 1497 2367; x_wconf 89' lang='lat' dir='ltr'>sint</span> <span class='ocrx_word' id='word_1_177' title='bbox 1522 2324 1566 2366; x_wconf 90' lang='lat' dir='ltr'>et</span> <span class='ocrx_word' id='word_1_178' title='bbox 1593 2317 1674 2365; x_wconf 87' lang='lat' dir='ltr'>de-</span> 
     </span>
     <span class='ocr_line' id='line_1_27' title="bbox 204 2397 1672 2468; baseline -0.003 -20"><span class='ocrx_word' id='word_1_179' title='bbox 204 2405 329 2448; x_wconf 87' lang='lat' dir='ltr'>creta</span> <span class='ocrx_word' id='word_1_180' title='bbox 338 2435 355 2462; x_wconf 94' lang='lat'>,</span> <span class='ocrx_word' id='word_1_181' title='bbox 404 2402 519 2467; x_wconf 86' lang='lat' dir='ltr'>quod</span> <span class='ocrx_word' id='word_1_182' title='bbox 552 2404 686 2452; x_wconf 88' lang='lat' dir='ltr'>etiam</span> <span class='ocrx_word' id='word_1_183' title='bbox 717 2403 834 2468; x_wconf 85' lang='lat' dir='ltr'>apud</span> <span class='ocrx_word' id='word_1_184' title='bbox 872 2402 1181 2451; x_wconf 88' lang='lat' dir='ltr'>successiones</span> <span class='ocrx_word' id='word_1_185' title='bbox 1213 2418 1317 2449; x_wconf 89' lang='lat' dir='ltr'>suas</span> <span class='ocrx_word' id='word_1_186' title='bbox 1353 2401 1500 2461; x_wconf 82' lang='lat' dir='ltr'>valet,</span> <span class='ocrx_word' id='word_1_187' title='bbox 1549 2403 1594 2445; x_wconf 90' lang='lat' dir='ltr'>et</span> <span class='ocrx_word' id='word_1_188' title='bbox 1625 2397 1672 2444; x_wconf 89' lang='lat' dir='ltr'>in</span> 
     </span>
     <span class='ocr_line' id='line_1_28' title="bbox 203 2486 404 2529; baseline 0.005 -1"><span class='ocrx_word' id='word_1_189' title='bbox 203 2497 285 2528; x_wconf 91' lang='lat' dir='ltr'>usu</span> <span class='ocrx_word' id='word_1_190' title='bbox 319 2486 404 2529; x_wconf 92' lang='lat' dir='ltr'>est.</span> 
     </span>
    </p>

    <p class='ocr_par' dir='ltr' id='par_1_8' title="bbox 196 2557 1667 2928">
     <span class='ocr_line' id='line_1_29' title="bbox 304 2557 1666 2626; baseline -0.003 -18"><span class='ocrx_word' id='word_1_191' title='bbox 304 2559 370 2608; x_wconf 90' lang='lat' dir='ltr'>At</span> <span class='ocrx_word' id='word_1_192' title='bbox 387 2560 633 2611; x_wconf 80' lang='lat' dir='ltr'>Platom&#39;s</span> <span class='ocrx_word' id='word_1_193' title='bbox 650 2561 828 2612; x_wconf 76' lang='lat' dir='ltr'>schola</span> <span class='ocrx_word' id='word_1_194' title='bbox 856 2561 1276 2626; x_wconf 87' lang='lat' dir='ltr'>acatalepsiam</span> <span class='ocrx_word' id='word_1_195' title='bbox 1311 2558 1506 2607; x_wconf 86' lang='lat' dir='ltr'>introd</span> <span class='ocrx_word' id='word_1_196' title='bbox 1522 2557 1666 2617; x_wconf 75' lang='lat' dir='ltr'>uxit,</span> 
     </span>
     <span class='ocr_line' id='line_1_30' title="bbox 202 2639 1666 2707; baseline -0.003 -20"><span class='ocrx_word' id='word_1_197' title='bbox 202 2639 347 2704; x_wconf 87' lang='lat' dir='ltr'>primo</span> <span class='ocrx_word' id='word_1_198' title='bbox 367 2645 575 2705; x_wconf 87' lang='lat' dir='ltr'>tanquam</span> <span class='ocrx_word' id='word_1_199' title='bbox 605 2658 687 2706; x_wconf 89' lang='lat' dir='ltr'>per</span> <span class='ocrx_word' id='word_1_200' title='bbox 717 2643 871 2707; x_wconf 88' lang='lat' dir='ltr'>jocum</span> <span class='ocrx_word' id='word_1_201' title='bbox 901 2648 946 2692; x_wconf 92' lang='lat' dir='ltr'>et</span> <span class='ocrx_word' id='word_1_202' title='bbox 976 2643 1195 2703; x_wconf 89' lang='lat' dir='ltr'>ironiam,</span> <span class='ocrx_word' id='word_1_203' title='bbox 1231 2642 1277 2688; x_wconf 89' lang='lat' dir='ltr'>in</span> <span class='ocrx_word' id='word_1_204' title='bbox 1298 2640 1448 2689; x_wconf 85' lang='lat' dir='ltr'>odium</span> <span class='ocrx_word' id='word_1_205' title='bbox 1470 2643 1666 2687; x_wconf 87' lang='lat' dir='ltr'>veterum</span> 
     </span>
     <span class='ocr_line' id='line_1_31' title="bbox 199 2719 1667 2792; baseline -0.001 -26"><span class='ocrx_word' id='word_1_206' title='bbox 199 2719 502 2784; x_wconf 85' lang='lat' dir='ltr'>sophistarum</span> <span class='ocrx_word' id='word_1_207' title='bbox 514 2755 530 2782; x_wconf 92' lang='lat'>,</span> <span class='ocrx_word' id='word_1_208' title='bbox 567 2721 927 2786; x_wconf 79' lang='lat' dir='ltr'>Protagorae,</span> <span class='ocrx_word' id='word_1_209' title='bbox 973 2725 1199 2792; x_wconf 71' lang='lat' dir='ltr'>Hippiae</span> <span class='ocrx_word' id='word_1_210' title='bbox 1211 2761 1224 2784; x_wconf 88' lang='lat'><strong><em>‚</em></strong></span> <span class='ocrx_word' id='word_1_211' title='bbox 1258 2732 1314 2773; x_wconf 80' lang='lat' dir='ltr'>et</span> <span class='ocrx_word' id='word_1_212' title='bbox 1332 2721 1667 2787; x_wconf 75' lang='lat' dir='ltr'>reliquorum,</span> 
     </span>
     <span class='ocr_line' id='line_1_32' title="bbox 199 2798 1665 2869; baseline 0.001 -25"><span class='ocrx_word' id='word_1_213' title='bbox 199 2798 275 2862; x_wconf 90' lang='lat' dir='ltr'>qui</span> <span class='ocrx_word' id='word_1_214' title='bbox 295 2798 411 2846; x_wconf 88' lang='lat' dir='ltr'>nihil</span> <span class='ocrx_word' id='word_1_215' title='bbox 437 2805 528 2848; x_wconf 89' lang='lat' dir='ltr'>tam</span> <span class='ocrx_word' id='word_1_216' title='bbox 549 2803 834 2866; x_wconf 89' lang='lat' dir='ltr'>verebantur,</span> <span class='ocrx_word' id='word_1_217' title='bbox 871 2820 1002 2869; x_wconf 87' lang='lat' dir='ltr'>quam</span> <span class='ocrx_word' id='word_1_218' title='bbox 1021 2822 1077 2854; x_wconf 90' lang='lat' dir='ltr'>ne</span> <span class='ocrx_word' id='word_1_219' title='bbox 1102 2804 1307 2852; x_wconf 88' lang='lat' dir='ltr'>dubitare</span> <span class='ocrx_word' id='word_1_220' title='bbox 1329 2804 1392 2852; x_wconf 80' lang='lat' dir='ltr'>de</span> <span class='ocrx_word' id='word_1_221' title='bbox 1412 2818 1470 2850; x_wconf 81' lang='lat' dir='ltr'>re</span> <span class='ocrx_word' id='word_1_222' title='bbox 1490 2799 1665 2863; x_wconf 71' lang='lat' dir='ltr'>aliqua</span> 
     </span>
     <span class='ocr_line' id='line_1_33' title="bbox 196 2878 511 2928; baseline 0.013 -4"><span class='ocrx_word' id='word_1_223' title='bbox 196 2878 511 2928; x_wconf 72' lang='lat' dir='ltr'>viderentur.</span> 
     </span>
    </p>

    <p class='ocr_par' dir='ltr' id='par_1_9' title="bbox 302 2958 1660 3028">
     <span class='ocr_line' id='line_1_34' title="bbox 302 2958 1660 3028; baseline -0.003 -20"><span class='ocrx_word' id='word_1_224' title='bbox 302 2958 368 3005; x_wconf 84' lang='lat' dir='ltr'>At</span> <span class='ocrx_word' id='word_1_225' title='bbox 395 2976 530 3011; x_wconf 78' lang='lat' dir='ltr'>nova</span> <span class='ocrx_word' id='word_1_226' title='bbox 551 2963 819 3014; x_wconf 78' lang='lat' dir='ltr'>academia</span> <span class='ocrx_word' id='word_1_227' title='bbox 843 2980 903 3011; x_wconf 88' lang='lat' dir='ltr'>ac</span> <span class='ocrx_word' id='word_1_228' title='bbox 920 2964 1117 3028; x_wconf 86' lang='lat' dir='ltr'>atalep</span> <span class='ocrx_word' id='word_1_229' title='bbox 1133 2963 1270 3010; x_wconf 85' lang='lat' dir='ltr'>siam</span> <span class='ocrx_word' id='word_1_230' title='bbox 1308 2958 1660 3023; x_wconf 81' lang='lat' dir='ltr'>dogmatiza-</span> 
     </span>
    </p>
   </div>
  </div>
 </body>
</html>
