1947 3456
307 301 372 348 76
860 303 1287 348 VERULAMII

305 424 543 487 competit,
601 424 841 483 Platoni,
895 425 1193 484 Aristoteli,
1257 424 1476 482 Zenoni,
1522 425 1764 489 Epicuro,

302 503 681 569 Theophrasto,
704 508 747 549 et
769 519 919 549 eornm
945 505 1276 551 successoribus
1309 504 1603 568 Chrysippo,
1635 504 1764 551 Gaff-

303 585 470 643 neadi,
495 583 698 645 reliquis.
732 581 833 628 Hoc
850 588 1016 627 tantum
1039 583 1270 642 intererat,
1293 583 1406 646 quod
1430 583 1575 646 prius
1606 597 1764 644 genus

303 680 459 725 vagum
479 661 613 708 suerit
634 667 677 707 et
700 678 739 706 m
753 677 919 707 ereen
935 661 1131 721 arium,
1152 662 1354 708 civitates
1375 660 1764 710 circumcursando

302 748 346 789 et
388 741 651 805 sapientiam
698 756 821 786 suam
866 740 1128 786 ostentando
1159 746 1203 787 et
1233 741 1477 788 mercedem
1515 739 1764 803 exigend03

301 822 422 867 alte
437 837 549 865 rum
587 836 688 866 vero
711 819 937 864 solennius
959 825 1003 864 et
1023 820 1299 879 generosius,
1331 820 1492 883 quippe
1513 836 1664 866 eorum
1690 818 1764 881 qui

299 900 426 947 sedes
459 900 571 946 fixas
604 898 851 944 habuerunt
882 903 925 943 et
965 896 1141 944 scholas
1172 904 1441 962 aperuerunt
1481 905 1525 945 et
1571 898 1764 961 gratis

299 977 600 1043 philosophati
624 983 740 1023 sunt.
794 975 886 1023 Sed
912 982 1057 1023 tamen
1092 983 1181 1023 utr
1197 995 1219 1023 u
1235 994 1392 1040 mque
1426 993 1623 1039 genus,
1654 975 1762 1022 licet

298 1065 474 1105 caetera
501 1056 678 1119 dispar,
714 1055 1134 1118 professoriam
1173 1063 1268 1102 erat
1293 1062 1337 1102 et
1361 1055 1412 1101 ad
1440 1055 1761 1119 disputationes

296 1154 388 1183 rem
416 1136 675 1193 deducebat,
713 1138 756 1180 et
776 1138 922 1179 sectas
946 1133 1155 1196 quasdam
1175 1141 1306 1197 atque
1335 1135 1542 1181 haereses
1563 1134 1761 1196 philoso-

295 1215 428 1278 phiae
465 1214 725 1260 instituebat
749 1217 792 1259 et
813 1213 1148 1274 propugnabat3
1181 1219 1230 1259 ut
1249 1218 1397 1259 essent
1416 1212 1510 1259 fere
1531 1212 1761 1258 doctrinae

297 1310 446 1341 eorum
468 1292 598 1355 [quod
624 1309 711 1338 non
736 1291 849 1338 male
872 1291 1105 1338 cavillatus
1129 1297 1195 1338 est
1206 1283 1486 1355 Dionysius
1507 1292 1562 1338 in
1577 1291 1758 1338 Plato-

295 1373 426 1433 nem]
451 1374 606 1419 rerba
639 1372 926 1419 otiosorum
953 1388 1130 1419 senum
1155 1372 1227 1419 acl
1241 1372 1509 1436 imperitos
1521 1372 1755 1434 juvenes.

392 1454 456 1498 At
482 1450 755 1513 antiquiores
784 1450 854 1495 illi
898 1467 954 1496 ex
978 1448 1194 1509 Graecis,
1231 1449 1586 1515 Empedocles,
1619 1449 1756 1496 Ana-

294 1547 553 1591 xagoras,
615 1530 925 1594 Leucaeiopus,
979 1530 1337 1588 Democritus,
1401 1529 1755 1586 Parmenides,

292 1611 626 1667 Heraclitus,
675 1608 1038 1673 Xenophanes,
1090 1609 1372 1667 Philolaus,
1410 1607 1597 1670 reliqui,
1636 1608 1753 1667 [nam

293 1690 654 1754 Pythagoram
677 1695 723 1735 ut
746 1688 1102 1751 superstitiosum
1126 1688 1384 1747 omittimus]
1409 1687 1604 1745 scholas,
1640 1684 1755 1748 quod

291 1770 512 1828 novimus,
537 1786 627 1815 non
649 1772 939 1831 aperuerunt3
963 1766 1040 1813 sed
1064 1767 1231 1830 majore
1255 1765 1451 1824 silentio,
1475 1770 1519 1811 et
1539 1764 1753 1823 severius,

292 1855 337 1896 et
358 1848 623 1912 simplicius,
654 1847 698 1892 id
725 1852 807 1905 est,
845 1847 1014 1893 minore
1050 1863 1146 1892 cum
1174 1845 1455 1892 affectatione
1483 1849 1528 1891 et
1552 1849 1754 1891 ostenta—

291 1929 439 1987 tione,
478 1926 531 1972 ad
560 1926 891 1990 inquisitionem
924 1925 1126 1972 veritatis
1156 1943 1204 1973 se
1225 1925 1525 1973 contulerunt.
1593 1923 1751 1986 Itaque

289 2012 334 2053 et
355 2006 540 2065 melius,
580 2012 625 2051 ut
649 2005 942 2063 arbitramur,
990 2021 1037 2050 se
1073 2010 1332 2068 gesserunt,
1365 2004 1451 2050 nisi
1477 2002 1591 2067 quod
1616 2018 1752 2066 opera

289 2102 442 2132 eorum
482 2101 507 2130 a
536 2084 777 2131 levioribus
812 2084 935 2143 istis,
980 2083 1055 2147 qui
1101 2084 1269 2145 vulgari
1312 2083 1461 2146 captui
1494 2087 1538 2129 et
1572 2081 1751 2128 affectui

285 2164 427 2226 magis
474 2162 744 2226 respondent
787 2178 839 2208 ao
869 2163 1074 2226 placent,
1122 2168 1267 2209 tractu
1306 2163 1518 2225 temporis
1551 2160 1750 2207 extincta

287 2243 403 2301 sint,
447 2249 673 2305 tempore,
706 2248 753 2288 ut
782 2243 931 2302 fluvio,
968 2244 1138 2289 leviora
1172 2247 1216 2288 et
1248 2242 1387 2304 magis
1410 2240 1565 2287 inflata
1588 2238 1643 2284 ad
1665 2254 1748 2285 nos

287 2322 557 2381 devehente,
605 2321 812 2383 graviora
850 2326 894 2367 et
927 2321 1072 2367 solida
1106 2327 1348 2384 mergente.
1412 2318 1570 2383 Neque
1599 2325 1748 2364 tamen

286 2402 362 2448 isti
386 2417 411 2446 a
434 2399 627 2447 nationis
651 2399 755 2444 vitio
784 2416 965 2461 prorsus
992 2400 1206 2448 immunes
1237 2405 1381 2459 erant,
1418 2398 1495 2445 sed
1525 2397 1574 2443 in
1604 2396 1749 2442 ambi·—

285 2480 451 2526 tionem
474 2485 518 2526 et
551 2479 788 2525 vanitatem
825 2484 973 2524 sectae
1005 2479 1259 2526 condendae
1283 2485 1327 2526 et
1356 2493 1490 2524 aurae
1516 2475 1747 2540 popularis

286 2558 532 2622 captandae
587 2557 770 2603 nimium
819 2556 1171 2621 propendebant.
1260 2557 1372 2604 Pro
1430 2557 1744 2619 desperata

285 2642 471 2683 autem
507 2635 762 2682 habenda
791 2641 878 2682 est
920 2636 1198 2683 veritatis
1233 2635 1578 2701 inquisitio,
1625 2648 1743 2679 oum

275 2716 347 2763 ad
384 2714 709 2778 hujusmodi
745 2714 944 2759 inania
979 2714 1276 2762 deflectit.

373 2794 526 2842 Etiam
565 2809 651 2839 non
698 2792 984 2839 omittendum
1036 2794 1208 2840 videtur
1246 2792 1461 2856 judicium
1494 2788 1607 2836 illud
1651 2788 1743 2835 sive

284 2874 536 2921 vaticinium
570 2871 718 2936 potius
747 2871 992 2918 sacerdotis
1015 2872 1227 2934 Aegyptii
1262 2871 1315 2918 de
1334 2869 1550 2918 Graecis:
1601 2869 1746 2927 Quod

283 2971 481 3019 semper
500 2952 659 3018 pueri
674 2959 845 3000 essent
858 2969 877 3007 ‚·
911 2968 1071 3016 neque
1105 2951 1352 2999 haberent
1374 2948 1744 3014 antiquitatem
