2064 3490
548 300 809 346 NOVUM
869 299 1251 345 ORGANUM.
1607 294 1672 342 93

197 422 472 486 sympathias
508 423 657 470 omnia
693 421 965 486 expediunt,
1023 437 1081 467 ex
1120 420 1394 484 conjecturis
1435 420 1593 467 otiosis
1629 427 1674 467 et

197 501 527 566 supinissimis,
584 503 718 549 rebus
757 501 941 548 virtutes
979 506 1024 547 et
1067 500 1352 564 operationes
1387 498 1675 547 admirabiles

197 581 488 641 affinxerunt,
525 586 658 644 atque
695 580 734 627 si
755 580 929 644 quando
963 596 1101 643 opera
1126 578 1431 639 exhibuerint,
1467 594 1520 625 ea
1550 578 1674 625 illius

198 667 302 708 sunt
333 661 552 724 generis,
576 666 624 707 ut
653 659 707 706 ad
739 660 1078 707 admirationem
1113 664 1158 705 et
1186 659 1447 718 novitatem,
1494 674 1583 705 non
1619 657 1676 703 ad

197 740 389 788 fructum
414 746 458 788 et
481 740 738 800 utilitatem,
769 739 1104 788 accommodata
1122 738 1229 784 sint.

300 819 356 866 In
392 820 819 883 superstitiosa
857 825 1002 865 autem
1040 817 1247 880 magia,
1283 816 1387 863 siet
1418 815 1472 863 de
1494 815 1580 863 hae
1602 815 1676 862 di-

199 898 387 946 cendum
418 899 502 958 sit,
556 898 668 944 illud
708 899 913 963 inprimis
953 896 1394 944 animadvertendum
1429 901 1524 956 est,
1577 911 1677 942 esse

197 977 502 1025 tantummodo
535 978 648 1024 certi
680 978 912 1041 cujusdam
951 983 995 1024 et
1033 976 1206 1023 definiti
1242 976 1422 1038 generis
1454 975 1676 1037 subjecta,

197 1057 244 1102 in
268 1057 427 1120 quibus
452 1062 571 1103 artes
597 1058 802 1105 curiosae
823 1063 867 1104 et
891 1057 1257 1120 superstitiosae,
1294 1071 1375 1118 per
1405 1070 1557 1100 omnes
1591 1069 1678 1099 na-

197 1135 372 1196 tiones,
420 1142 553 1200 atque
597 1142 793 1196 aetates,
843 1143 975 1200 atque
1017 1136 1152 1183 etiam
1195 1135 1466 1198 religiones,
1507 1132 1678 1197 aliquid

197 1216 442 1278 potuerint.
511 1216 668 1280 Itaque
691 1216 777 1262 ista
798 1216 934 1262 missa
958 1215 1191 1261 faciamus.

296 1293 540 1342 Interim
591 1296 675 1341 nil
723 1296 920 1341 mirum
957 1300 1070 1354 est,
1117 1294 1163 1340 si
1212 1292 1414 1356 opinio
1452 1291 1678 1355 copiae,

198 1389 423 1421 causam
459 1374 700 1439 inopiae
731 1374 982 1422 dederit.

787 1506 1077 1554 LXXXVI.

296 1599 449 1662 Atque
479 1599 781 1646 'hominum
838 1596 1214 1645 admirationi
1261 1594 1406 1659 quoad
1452 1592 1682 1640 doctrinas

199 1682 244 1724 et
267 1684 405 1739 artes,
441 1694 523 1742 per
555 1695 603 1726 se
637 1679 747 1726 satis
784 1680 981 1744 simplici
1016 1685 1060 1725 et
1094 1693 1235 1742 prope
1270 1675 1453 1739 puerili,
1491 1673 1682 1719 inere-

200 1763 446 1804 mentum
485 1759 762 1818 accessit,
800 1760 862 1805 ab
900 1775 1093 1806 eorum
1132 1762 1256 1803 astu
1298 1761 1354 1802 et
1385 1752 1680 1811 artificio,

200 1835 296 1899 qui
331 1836 622 1883 scientias
659 1843 1076 1886 tractaverunt
1112 1841 1166 1883 et
1202 1833 1601 1882 tradiderunt.

299 1925 410 1972 Illi
447 1928 563 1974 enim
603 1944 656 1975 ea
703 1930 1026 1975 ambitione
1076 1934 1130 1974 et
1176 1923 1567 1972 affectatione
1605 1937 1681 1968 eas

199 2011 474 2069 proponunt,
507 2013 639 2070 atque
663 2008 707 2053 in
729 2025 827 2054 eum
850 2007 1026 2054 modum
1047 2008 1304 2053 efformatas
1333 2020 1386 2050 ac
1418 2001 1554 2049 veluti
1575 2017 1682 2064 per-

200 2091 409 2146 sonatas,
445 2086 489 2131 in
524 2087 752 2133 hominum
786 2094 1072 2151 conspectum
1106 2085 1378 2149 producunt,
1416 2098 1470 2128 ae
1504 2082 1543 2128 si
1573 2082 1681 2126 illae

199 2164 322 2210 omni
356 2181 414 2212 ex
440 2172 568 2229 parte
602 2168 827 2230 perfectae
861 2174 1010 2214 essent
1041 2173 1086 2212 et
1122 2164 1178 2211 ad
1210 2164 1380 2210 exitum
1420 2160 1681 2224 perductae.

201 2241 258 2290 Si
281 2244 398 2291 enim
423 2237 679 2292 methodum
703 2247 927 2310 adspicias
963 2252 1007 2292 et
1037 2244 1320 2309 partitiones,
1360 2242 1468 2287 illae
1497 2254 1681 2303 prorsus

203 2322 353 2368 omnia
385 2324 624 2387 complecti
661 2330 705 2371 et
749 2325 1019 2372 concludere
1055 2323 1283 2381 videntur,
1336 2336 1448 2385 qnae
1490 2319 1536 2363 in
1568 2315 1682 2362 illud

203 2401 455 2464 subjeetum
507 2402 669 2449 cadere
713 2411 917 2466 possunt.
1008 2405 1161 2466 Atque
1205 2403 1314 2448 licet
1360 2399 1557 2445 membra
1600 2395 1683 2440 illa

203 2480 320 2527 male
356 2480 541 2545 impleta
574 2488 618 2529 et
639 2482 776 2529 veluti
810 2483 1021 2546 capsulae
1055 2484 1211 2529 inanes
1238 2481 1346 2540 sint,
1384 2488 1530 2525 tamen
1562 2475 1681 2539 apud

203 2559 481 2607 intellectum
504 2561 750 2623 vulgarem,
787 2562 1005 2610 scientiae
1037 2563 1226 2610 formam
1249 2568 1292 2608 et
1322 2560 1540 2606 rationem
1564 2556 1683 2602 inte—

203 2654 312 2702 grae
335 2656 445 2704 prae
470 2656 518 2687 se
543 2640 710 2688 ferunt.

308 2721 387 2768 At
419 2719 593 2784 primi
629 2725 684 2768 et
719 2721 1123 2784 antiquissimi
1170 2716 1454 2768 veritatis
1491 2710 1685 2775 inqui-

206 2797 448 2859 sitores,
488 2799 675 2847 meliore
706 2799 793 2846 lide
832 2808 876 2846 et
911 2801 1060 2860 facto,
1107 2800 1503 2863 cognitionem
1538 2792 1683 2849 illam,

209 2893 339 2939 quam
362 2894 421 2926 ex
449 2895 599 2926 rerum
634 2879 1013 2942 contemplatione
1037 2879 1278 2941 decerpere
1311 2883 1355 2923 et
1382 2877 1427 2920 in
1461 2885 1586 2916 usum
1607 2884 1685 2915 re-

210 2955 401 3004 condere
430 2959 714 3020 statuebant,
765 2958 819 3003 in
856 2958 1250 3021 aphorismos,
1294 2955 1419 3001 sive
1461 2951 1684 3007 breves,
