1947 3456
273 224 334 268 24
593 218 933 259 υΕιᾸΝΕΑτιο
970 229 1019 257 m
1052 217 1460 259 ARGUMENTCM.

280 333 528 383 intellectui
554 350 633 380 suo
661 350 716 381 ex
742 331 927 379 arbitrio
952 330 1193 377 voluntatis
1218 346 1324 377 suae
1350 330 1568 393 imperat,
1605 348 1748 395 neque

283 412 647 478 philosophorum
670 414 737 474 [ut
759 410 1091 476 prophetarum]
1115 410 1298 473 spiritus
1332 409 1611 472 philosophis
1641 411 1751 456 sub-

281 492 391 556 jecti
412 497 531 538 sunt.
600 490 758 553 Itaque
786 506 873 536 non
910 489 1097 534 aliorum
1128 489 1358 551 aequitas,
1389 492 1463 533 aut
1496 488 1749 547 sinceritaS,

288 576 362 618 aut
384 570 605 628 facilitas,
640 568 716 614 sed
747 573 898 614 nostra
919 567 1102 630 propria
1123 583 1257 626 cura,
1305 572 1435 630 atque
1465 567 1751 630 morigeratio

289 655 332 697 et
363 647 634 707 insinuatio,
671 646 799 692 nobis
823 645 1044 709 praesidio
1069 662 1164 692 esse
1184 645 1342 707 possit.

392 727 492 786 Qua
511 727 558 773 in
580 742 628 773 re
655 725 827 772 aceedit
850 729 893 771 et
915 724 1002 769 alia
1025 723 1237 786 quaedam
1261 722 1502 770 difficultas
1523 739 1577 770 ex
1614 722 1754 769 mori-

290 806 370 853 bus
392 805 557 852 nostris
579 804 692 851 haud
716 819 870 868 parva,
903 801 1017 866 quod
1041 801 1402 848 constantissimo
1425 801 1604 848 decreto
1627 801 1755 846 nobis

290 885 377 949 ipsi
417 885 685 931 sancivimus
699 917 712 942 ,
770 888 819 928 ut
840 881 1075 928 candorem
1113 886 1311 927 nostrum
1347 886 1391 927 et
1424 880 1755 943 simplicitatem

291 969 506 1028 perpetuo
527 963 824 1020 retineamus,
861 976 943 1007 nee
965 976 1046 1023 per
1066 975 1178 1005 vana
1208 959 1261 1006 ad
1287 976 1390 1006 vera
1418 959 1582 1005 aditum
1618 975 1757 1021 quae-

292 1059 468 1103 ramus,
505 1041 582 1089 sed
598 1041 663 1088 ita
678 1039 889 1104 obsequio
911 1044 1065 1084 nostro
1091 1037 1394 1098 moderemur,
1430 1044 1478 1086 ut
1500 1044 1645 1086 tamen
1669 1054 1758 1084 non

294 1137 374 1185 per
405 1120 640 1168 artificium
665 1117 844 1182 aliquod
864 1116 1058 1176 vafrum,
1095 1122 1172 1162 aut
1192 1116 1511 1180 imposturam,
1559 1122 1634 1164 aut
1669 1117 1759 1162 ali-

295 1199 398 1263 quid
420 1199 564 1247 simile
580 1199 870 1262 imposturae,
900 1195 977 1243 sed
999 1195 1302 1242 tantummodo
1322 1213 1403 1260 per
1422 1195 1591 1243 ordinis
1611 1195 1760 1242 lumen

297 1284 341 1326 et
366 1295 448 1342 per
483 1293 696 1326 novorum
732 1292 866 1339 super
887 1275 1107 1321 saniorem
1129 1279 1300 1337 partem
1331 1281 1527 1322 veterum
1551 1274 1760 1321 solertem

295 1357 548 1405 insitionem
565 1393 578 1417 ‚
614 1372 695 1402 nos
721 1360 972 1401 nostrorum
993 1358 1192 1400 votorum
1218 1358 1444 1417 compotes
1477 1353 1573 1399 fore
1601 1369 1760 1416 spere·-

297 1453 410 1484 mus.
479 1434 638 1499 Itaque
662 1451 715 1483 eo
737 1433 956 1492 redimus,
992 1437 1042 1478 ut
1065 1432 1180 1477 lianc
1201 1431 1536 1494 praemuniendi
1566 1430 1762 1493 diligen-

299 1516 404 1562 tiam
420 1551 433 1575 ,
463 1515 677 1561 minorem
696 1513 845 1576 potius
868 1527 947 1574 pro
973 1509 1110 1556 tantis
1130 1508 1492 1569 difficultatibus,
1529 1526 1655 1573 quam
1675 1510 1763 1556 mi·-

300 1611 383 1643 nus
403 1592 699 1641 necessariam
723 1607 819 1638 esse
845 1589 1107 1653 judicemus.
1512 1582 1515 1585 ’

403 1673 585 1720 Missa
619 1671 709 1734 jam
733 1675 879 1716 autem
911 1673 1072 1731 parte
1109 1671 1519 1731 praeparante,
1551 1665 1604 1712 ad
1637 1683 1766 1730 par-

301 1757 408 1799 tem
456 1750 863 1798 informantem
915 1746 1164 1806 veniemus,
1203 1750 1334 1808 atque
1377 1746 1524 1792 artis
1573 1745 1766 1809 ipsius

303 1847 434 1895 quam
471 1828 757 1888 adducimus,
807 1826 960 1889 figur
974 1841 1052 1873 am
1088 1824 1336 1888 simplicem
1365 1830 1409 1872 et
1441 1824 1602 1873 nudam
1639 1842 1767 1889 pro-

301 1926 367 1973 po
379 1926 405 1955 n
419 1926 442 1956 e
454 1925 494 1955 m
507 1925 534 1954 u
548 1912 583 1956 s‘.

407 1987 534 2048 Quae
579 1984 641 2033 ad
686 1984 1057 2031 intellectum
1108 1983 1267 2046 persi
1287 1982 1543 2031 ciendum
1580 1983 1640 2030 ad
1683 1984 1766 2030 in-

304 2065 630 2129 terpretati
647 2080 801 2112 onem
855 2069 1102 2110 naturae
1160 2062 1357 2122 faciunt,
1422 2061 1678 2109 dividuntur
1721 2064 1766 2110 in

305 2149 397 2191 tres
435 2143 809 2190 ministrationes:
881 2142 934 2189 M
947 2141 1024 2188 IN
1037 2141 1060 2187 I
1073 2139 1109 2188 S
1125 2140 1169 2186 T
1185 2140 1230 2187 R
1243 2141 1286 2187 A
1298 2140 1341 2186 T
1353 2139 1377 2186 I
1393 2139 1436 2187 Ο
1454 2139 1550 2187 NE
1563 2140 1615 2186 M
1667 2141 1767 2188 AD

304 2221 654 2282 SENSUM,
704 2217 1436 2270 MINISTRATIONEM
1484 2218 1582 2267 AD
1636 2218 1769 2266 ME-

303 2299 641 2360 MORIAM,
678 2305 723 2348 et
756 2295 1473 2349 MINISTRATIONEM
1508 2296 1607 2345 AD
1646 2298 1771 2345 RA-

307 2377 352 2426 T
366 2379 389 2426 I
404 2378 448 2425 O
460 2378 504 2426 N
517 2377 559 2425 E
575 2378 643 2425 M.

406 2456 460 2503 In
493 2453 1040 2504 MINISTRATIO
1056 2452 1155 2500 NE
1191 2454 1291 2501 AD
1323 2452 1644 2502 SENSUM
1684 2453 1771 2501 tria

307 2535 580 2582 docebimus.
648 2535 872 2594 Primo,
912 2533 1129 2597 quomodo
1163 2533 1280 2579 bona
1307 2533 1431 2580 notio
1475 2529 1771 2579 constituatur

305 2619 350 2661 et
369 2614 593 2673 eliciatur,
633 2629 685 2659 ac
705 2612 922 2676 quomodo
946 2613 1126 2659 testatio
1150 2628 1331 2672 sensus,
1370 2628 1482 2676 quae
1505 2626 1680 2674 semper
1703 2615 1771 2657 est

304 2708 362 2740 ex
385 2692 593 2755 analogia
628 2692 846 2750 hominis,
894 2690 949 2737 ad
980 2690 1230 2754 analogiam
1267 2691 1417 2738 mundi
1450 2688 1689 2737 reducatur
1727 2694 1771 2736 et

304 2772 600 2829 rectificetur3
637 2786 778 2833 neque
802 2770 917 2816 enim
938 2770 1123 2815 multum
1148 2769 1297 2816 sensui
1332 2768 1567 2815 tribuimus
1590 2767 1635 2814 in
1669 2783 1771 2831 per-

307 2850 510 2913 ceptione
532 2849 801 2908 immcdiata,
829 2847 902 2894 scd
929 2853 1144 2910 quatenus
1166 2852 1330 2895 motum
1351 2847 1444 2895 sive
1463 2847 1771 2895 alterationem
