2031 3490
544 278 807 325 NOVUM
879 277 1258 326 ORGANUM.
1561 275 1658 324 113

172 407 220 450 ut
241 401 460 467 quispiam
485 401 532 448 in
553 401 598 448 id
617 400 734 448 forte
759 401 938 446 fortuna
954 397 1142 458 incidat,
1170 397 1287 462 quod
1307 414 1468 461 magno
1493 406 1656 448 conatu

170 487 216 529 et
249 481 303 529 de
334 481 554 529 industria
581 484 851 527 scrutantem
891 483 1022 524 antea
1054 477 1193 540 fugit3
1230 484 1379 526 tamen
1414 478 1462 524 in
1485 495 1655 526 summa

168 578 343 621 rerum,
380 559 676 625 proculdubio
705 558 979 605 contrariom
999 557 1243 604 invenitur.

270 641 483 705 Itaque
514 640 684 702 longe
722 638 896 702 plura
932 642 986 683 et
1015 637 1292 696 meliora,
1341 642 1513 702 atque
1550 655 1654 702 per

167 721 390 768 minora
434 719 792 778 intervalla,
842 732 868 764 a
910 716 1084 764 ratione
1123 722 1169 764 et
1204 716 1454 778 industria,
1502 724 1547 765 ct
1580 717 1654 764 di-

166 800 367 848 rectione
390 805 435 848 et
460 799 710 846 intentione
733 797 977 857 hominum,
1015 796 1302 861 speranda
1338 813 1399 843 su
1415 804 1489 858 nt,
1522 814 1651 861 quam

167 896 194 927 a
223 895 331 928 casu
366 885 411 927 et
433 878 651 926 instinctu
677 878 954 937 animalium,
986 882 1031 924 et
1050 877 1324 942 hujusmodi,
1363 893 1476 941 quac
1499 877 1652 924 hacte-

165 975 250 1008 nus
273 959 548 1024 principium
571 956 766 1004 inventis
797 955 1033 1003 dederunt.
1362 961 1364 963 ’

839 1090 973 1139 CIX.

266 1183 454 1232 Etiam
502 1182 655 1231 illud
700 1182 765 1230 ad
812 1199 964 1247 spem
1010 1181 1130 1229 trahi
1160 1180 1333 1245 possit,
1380 1180 1496 1246 quod
1534 1198 1651 1228 non-

164 1265 291 1311 nulla
315 1281 372 1312 ex
397 1265 484 1324 his,
509 1280 621 1328 quae
644 1264 739 1327 jam
761 1263 944 1311 inventa
961 1267 1083 1321 sunt,
1121 1262 1219 1325 ejus
1240 1261 1330 1307 sint
1355 1261 1554 1324 generis,
1582 1267 1650 1321 ut,

165 1350 402 1408 antequam
434 1344 772 1403 invenirentur,
818 1341 937 1388 haud
972 1341 1107 1388 facile
1141 1340 1349 1404 cuiquam
1385 1340 1430 1386 in
1458 1347 1651 1387 mentem

165 1423 362 1471 venisset
394 1422 448 1470 de
476 1423 534 1470 iis
571 1422 739 1486 aliquid
774 1421 1027 1486 suspicari,
1082 1419 1160 1467 sed
1192 1421 1326 1484 plane
1361 1420 1459 1484 quis
1488 1421 1570 1466 illa
1601 1425 1651 1467 ut

163 1502 464 1567 impossibilia
484 1502 812 1550 contemsisset.

267 1581 403 1630 Solet
438 1583 557 1629 enim
600 1581 805 1628 homines
842 1579 896 1626 de
931 1579 1064 1626 rebus
1103 1578 1257 1639 novis,
1305 1577 1360 1625 ad
1395 1579 1651 1643 exemplum

162 1668 363 1710 veterum
392 1667 437 1709 et
459 1660 703 1710 secundum
722 1658 1003 1725 phantasiam
1027 1675 1084 1705 ex
1111 1658 1168 1705 iis
1201 1665 1487 1722 praeceptam
1513 1664 1558 1706 et
1575 1659 1652 1705 in-

166 1742 412 1806 quinatam,
445 1741 690 1800 hariolari;
735 1739 852 1804 quod
883 1755 1024 1802 genus
1063 1738 1278 1802 opinandi
1307 1738 1650 1786 fallacissimum

163 1827 257 1882 est,
294 1820 651 1885 quandoquidem
675 1822 816 1867 multa
844 1836 899 1866 ex
922 1818 1021 1878 his,
1060 1834 1173 1881 quae
1198 1834 1255 1864 ex
1278 1817 1479 1864 fontibus
1499 1834 1650 1866 rerum

164 1907 396 1965 petuntur,
430 1917 511 1965 per
536 1901 706 1947 rivulos
726 1904 965 1947 consuetos
994 1914 1080 1943 non
1101 1897 1258 1943 fluant.

264 1990 422 2039 Veluti
459 1991 509 2038 si
555 1990 682 2054 quis
728 1996 860 2038 ante
903 1996 1384 2038 tormentorum
1428 1987 1649 2049 igneo-

159 2088 301 2120 rum
336 2071 762 2131 inventionem,
809 2086 921 2118 rem
967 2084 1067 2132 per
1101 2066 1357 2114 effectus
1392 2066 1649 2132 descrip-

161 2151 372 2212 sisset,
410 2157 583 2214 atque
619 2150 676 2196 in
712 2149 863 2196 hunc
895 2146 1117 2195 modum
1155 2145 1443 2192 dixisset:
1486 2146 1649 2194 inven-

159 2236 253 2277 tum
280 2229 499 2294 quoddam
521 2228 744 2276 detectum
773 2244 890 2288 esse,
928 2243 1009 2290 per
1032 2225 1148 2289 quod
1173 2224 1289 2271 muri
1309 2230 1354 2272 et
1377 2225 1647 2274 munitiones

161 2325 363 2373 quaeque
399 2308 649 2368 maximae,
696 2313 741 2355 et
775 2307 912 2369 longo
946 2305 1187 2352 intervallo
1221 2304 1403 2351 concuti
1432 2310 1476 2351 ct
1511 2305 1648 2369 dejici

160 2388 359 2452 possint3
395 2387 598 2435 homines
625 2403 733 2435 sane
767 2387 822 2434 de
853 2386 1022 2432 viribus
1047 2389 1371 2432 tormentorum
1402 2390 1447 2431 et
1473 2385 1648 2433 machi-

160 2483 347 2528 narum,
383 2483 465 2531 per
496 2467 698 2531 pondera
730 2473 775 2514 et
796 2471 947 2526 rotas,
993 2472 1037 2513 et
1067 2463 1323 2529 hujusmodi
1355 2464 1648 2513 arietationes

160 2554 205 2595 et
233 2547 453 2611 impulsus
484 2546 866 2611 multiplicandis,
913 2546 1054 2592 multa
1073 2551 1118 2593 ct
1145 2545 1269 2592 varia
1297 2561 1447 2592 secum
1468 2545 1647 2608 cogita-

159 2627 250 2674 turi
275 2627 485 2674 fuissent.
555 2626 628 2675 De
648 2633 780 2675 vento
807 2632 953 2674 autem
988 2626 1139 2688 igneo,
1177 2632 1267 2672 tam
1297 2624 1445 2671 subito
1481 2630 1525 2672 et
1551 2625 1648 2672 vio-

167 2706 314 2754 lenter
342 2723 391 2754 se
414 2707 697 2771 expandente
721 2713 766 2755 et
795 2707 1093 2765 exsufflante,
1130 2704 1207 2751 vix
1244 2719 1438 2767 unquam
1476 2703 1645 2766 aliquid

162 2786 354 2849 alicujus
385 2786 699 2851 imaginationi
732 2793 808 2834 aut
841 2786 1106 2851 phantasiae
1144 2800 1434 2831 occursurum
1463 2783 1646 2840 fuisset3

163 2869 316 2927 utpote
340 2867 469 2930 cujus
499 2868 753 2932 exemplum
779 2867 825 2914 in
848 2866 1053 2931 proximo
1076 2881 1166 2912 non
1200 2863 1400 2921 vidisset,
1423 2862 1510 2907 nisi
1531 2861 1647 2909 sorte

162 2943 208 2989 in
240 2947 387 2992 terrae
430 2954 554 2995 motu
598 2954 675 2996 aut
715 2946 931 3006 fulmine,
977 2960 1090 3008 quae
1123 2947 1172 2989 ut
1205 2940 1431 3004 magnalia
1460 2945 1648 2989 naturae

216 3019 629 3058 vaunnamoac„
1394 3017 1422 3059 8
