2064 3490
613 304 873 350 NOVUM
931 303 1309 349 ORGANUM.
1637 301 1704 350 8‘)

221 425 392 474 tumida
415 431 460 474 et
482 425 722 474 damnosa:
769 423 950 473 minui
994 440 1155 490 nempe
1179 425 1388 474 mentis
1426 424 1625 474 human
1641 443 1704 477 ae

220 507 617 571 majestatem,
654 505 694 551 si
724 503 1074 568 experimentis,
1115 511 1159 552 et
1190 507 1324 554 rebus
1351 506 1704 570 particularibus

220 586 372 634 sensui
391 585 607 649 subjectis
634 584 744 631 etin
769 583 956 630 materia
978 583 1304 647 determinatis,
1341 585 1416 632 diu
1439 601 1492 632 ae
1516 586 1703 634 multum

221 671 451 724 versetur3
485 664 768 729 praesertim,
806 681 965 728 quum
1001 664 1333 727 hujusmodi
1371 682 1488 726 res,
1537 665 1592 713 ad
1628 667 1705 714 in-

222 745 484 809 quirendum
506 745 867 806 laboriosae,
895 744 950 791 ad
973 743 1272 791 meditandum
1294 745 1387 807 ign
1404 747 1611 807 obiles,
1646 746 1704 794 ad

221 824 459 872 dicendum
489 841 751 889 asperae,
774 825 829 872 ad
852 825 1098 889 practicam
1132 824 1491 886 illiberales,
1516 843 1701 875 numero

220 903 532 965 infinitae,
570 910 615 952 et
644 904 895 952 subtilitate
924 910 1129 953 tenues
1166 920 1265 952 esse
1291 905 1484 953 soleant.

318 983 531 1047 Itaque
567 984 660 1048 jam
695 984 872 1032 tandem
902 985 1085 1032 huores
1118 983 1281 1045 rediit,
1326 991 1375 1032 ut
1427 985 1518 1031 via
1565 1002 1702 1034 vera

218 1079 326 1109 non
362 1068 588 1111 tantum
625 1064 890 1125 deserta,
938 1064 1035 1113 sed
1065 1063 1237 1112 etiam
1272 1064 1609 1112 interclusa
1645 1072 1702 1114 et

218 1143 529 1191 obstructa
578 1144 682 1206 sit,
739 1144 1021 1192 fastidita
1078 1144 1483 1208 experientia,
1538 1145 1701 1194 nedum

215 1222 379 1271 relicta
403 1229 480 1272 aut
500 1225 617 1273 male
638 1224 966 1272 administrata.

812 1358 1103 1408 LXXXIV.

313 1448 493 1499 Rursus
520 1468 626 1499 vero
653 1451 874 1513 homines,
907 1468 933 1498 a
957 1467 1199 1516 progressu
1235 1450 1281 1497 in
1307 1450 1511 1499 scientiis
1552 1451 1702 1501 deti-

216 1529 349 1577 uuit
384 1537 429 1578 et
468 1531 564 1579 fere
612 1531 861 1579 incantavit
913 1532 1252 1578 reverentia
1296 1531 1700 1596 antiquitatis,

214 1614 270 1656 et
302 1610 573 1671 virorum,
599 1612 674 1675 qui
694 1612 741 1657 in
759 1611 1047 1675 philosophia
1061 1610 1211 1673 111agni
1235 1610 1377 1657 habiti
1398 1618 1518 1673 sunt,
1546 1620 1702 1662 auto-

214 1688 382 1751 ritas,
408 1695 543 1754 atque
560 1690 720 1738 deinde
745 1707 1089 1738 consensus.
1138 1690 1293 1754 Atque·
1315 1690 1380 1738 de
1413 1708 1700 1741 consensu

213 1770 491 1833 superius
529 1770 696 1818 dictum
726 1776 809 1820 est.

322 1858 405 1908 De
452 1861 824 1926 antiquitate
868 1868 1015 1909 autem
1064 1860 1290 1925 opini0,
1331 1878 1462 1924 quam
1495 1863 1699 1913 homines

214 1937 269 1986 de
291 1938 391 2003 ipsa
412 1939 580 2002 fovent,
604 1943 840 2006 negligens
860 1942 1038 1990 omnino
1060 1946 1128 1988 est
1152 1946 1197 1987 et
1222 1941 1297 1987 vix
1320 1942 1453 1988 verbo
1473 1942 1562 2006 ipsi
1587 1960 1702 1992 con-

212 2034 343 2081 grua.
409 2018 608 2068 Mundi
641 2023 757 2070 enim
791 2024 1011 2071 senium
1057 2028 1112 2068 et
1145 2020 1566 2083 grandaevitas
1615 2040 1698 2087 pro

213 2098 481 2163 antiquitate
514 2118 618 2149 vere
654 2102 858 2150 habenda
887 2106 1017 2162 sunt,
1068 2115 1181 2164 quae
1219 2101 1496 2164 temporibus
1532 2104 1699 2151 nostris

212 2178 352 2225 tribui
373 2179 552 2242 debent,
590 2198 679 2229 non
706 2183 878 2246 juniori
908 2181 1046 2230 aetati
1068 2179 1238 2239 mundi,
1265 2180 1410 2243 qualis
1431 2180 1549 2244 apud
1574 2182 1698 2229 anti-

214 2274 324 2322 quos
356 2259 456 2308 fuit.
527 2260 617 2307 Illa
655 2262 772 2308 enim
813 2266 956 2320 aetas,
991 2264 1201 2323 respectu
1235 2259 1404 2320 nostri,
1439 2261 1624 2326 antiqua
1652 2268 1698 2310 et

212 2339 375 2401 major,
407 2346 617 2404 respectu
640 2341 794 2388 mundi
816 2341 985 2406 ipsius,
1021 2356 1137 2387 nova
1156 2345 1200 2387 et
1221 2338 1367 2386 minor
1392 2339 1494 2388 fuit.
1542 2341 1696 2406 Atque

211 2433 262 2465 re
283 2434 408 2479 vera,
446 2420 815 2483 quemadmodum
835 2421 1052 2485 majorem
1074 2437 1224 2467 rerum
1245 2420 1539 2467 humanarum
1571 2421 1698 2469 noti-

210 2496 320 2545 tiam
343 2502 388 2546 et
410 2499 628 2547 maturius
646 2500 892 2565 judicium,
944 2502 998 2548 ab
1034 2501 1212 2548 bomine
1246 2517 1352 2548 sene
1386 2506 1695 2564 expectamus,

211 2593 344 2642 quam
365 2595 392 2626 a
408 2579 590 2643 juvene,
626 2587 812 2646 propter
851 2581 1177 2645 experientiam
1209 2586 1254 2628 et
1279 2597 1426 2627 rerum
1453 2597 1563 2645 quas
1586 2581 1697 2628 vidit

212 2663 258 2705 et
282 2658 453 2707 audivit
472 2665 518 2708 et
549 2661 765 2725 cogitavit
793 2662 1054 2710 varietatem
1085 2666 1129 2709 et
1153 2661 1347 2725 copiam,
1386 2659 1541 2708 eodem
1562 2659 1694 2708 modo

212 2743 258 2785 et
274 2753 301 2785 a
329 2744 487 2787 nostra
507 2746 653 2789 aetate
685 2742 744 2803 [si
769 2742 883 2790 vires
907 2758 1011 2790 suas
1033 2746 1203 2802 nosset,
1241 2746 1286 2788 et
1319 2739 1520 2804 experiri
1552 2744 1597 2786 et
1618 2738 1695 2785 in-

212 2817 396 2867 tendere
434 2821 588 2883 vellet]
635 2823 810 2887 majora
840 2823 981 2870 multo
1017 2837 1148 2887 quam
1177 2838 1203 2868 a
1228 2821 1391 2886 priscis
1415 2818 1693 2882 temporibus

212 2899 446 2961 expectari
470 2916 554 2965 par
585 2907 679 2963 est,
713 2907 867 2967 utpote
900 2907 1047 2950 aetate
1068 2901 1223 2949 mundi
1255 2898 1516 2963 grandiore,
1550 2902 1595 2945 et
1616 2897 1693 2944 in-

211 2974 351 3024 finitis
371 2980 693 3043 experimentis
715 2987 761 3031 et
781 2980 1168 3031 observationibus
1193 2983 1324 3025 aucta
1353 2982 1397 3025 et
1415 2977 1659 3025 eunmlata.
