1947 3456
347 284 405 327 34
660 281 993 320 DELINEATIO
1025 293 1072 319 Er
1112 280 1515 321 ARGUMENTUM.

345 395 759 459 inscripseris,
796 395 910 442 nisi
939 394 1144 458 priora
1176 393 1493 452 deleveris3
1529 393 1590 438 in
1618 397 1802 441 mente

343 490 515 537 aegre
544 473 742 536 priora
768 473 1079 532 deleveris,
1107 472 1221 518 nisi
1253 473 1370 518 alia
1400 471 1802 535 inscripseris.

442 552 598 614 Itaque
622 551 725 597 huic
751 551 971 598 desiderio
1006 550 1347 597 subveniendum
1368 551 1635 614 putavimus,
1671 553 1803 613 atque

340 632 451 678 haec
478 646 660 693 prorsus
696 646 748 677 eo
781 634 984 693 spectant
1019 630 1110 690 [ut,
1143 629 1259 692 quod
1294 645 1365 676 res
1394 634 1478 690 est,
1519 633 1672 693 aperte
1701 628 1801 676 elo-

340 709 541 773 quamur]
589 713 646 754 ut
688 708 957 754 volentes
1002 705 1236 766 ducant,
1284 723 1390 754 non
1428 713 1486 754 ut
1530 707 1801 754 nolentes

339 787 590 835 trahant.
669 784 894 834 Omnem
941 785 1310 846 violentiam,
1361 790 1410 832 ut
1449 786 1544 849 jam
1584 787 1638 832 ab
1669 785 1800 832 initio

338 865 528 930 professi
551 882 727 925 sumus,
769 881 794 910 a
808 866 835 911 11
850 881 874 911 e
889 881 977 911 sse
1014 880 1039 910 v
1053 881 1078 910 o
1094 864 1111 909 1
1126 881 1203 909 11111
1214 881 1300 922 us3
1338 869 1470 927 atque
1491 864 1607 927 quod
1629 864 1802 928 Borgia.

337 946 481 992 facete
505 944 558 992 de
582 943 736 991 Caroli
755 943 889 991 VIII.
905 942 1189 1005 expeditione
1211 943 1256 988 in
1281 942 1460 990 Italiam
1484 943 1615 1003 dixit,
1639 941 1800 990 Gallos

340 1024 510 1071 venisse
542 1022 812 1068 inmanibus
838 1026 1004 1067 cretam
1033 1027 1252 1080 tenenteS‚
1290 1038 1376 1084 qua
1408 1021 1650 1069 diversoria
1666 1027 1800 1068 nota-

338 1109 462 1161 rent,
498 1118 587 1148 non
616 1116 735 1146 arma
750 1134 764 1158 ,
806 1099 963 1161 quibus
993 1106 1354 1162 perrumperent3
1403 1100 1593 1147 similem
1625 1116 1799 1163 quoque

335 1183 614 1228 inventorum
643 1183 896 1224 nostrorum
939 1183 983 1224 et
1022 1178 1239 1225 rationem
1285 1178 1329 1224 et
1365 1195 1619 1226 successum
1651 1179 1798 1226 animo

336 1259 658 1324 praecipimus,
695 1256 902 1303 nimirum
927 1262 976 1303 ut
1000 1258 1148 1320 potius
1175 1258 1344 1304 animos
1365 1256 1591 1304 hominum
1609 1273 1797 1321 capaces

336 1345 380 1386 et
403 1338 586 1385 idoneos
614 1352 830 1399 seponere
861 1340 905 1383 et
941 1336 1090 1382 subire
1120 1335 1309 1398 possint,
1346 1353 1475 1401 quam
1509 1342 1664 1385 contra
1691 1353 1798 1384 sen-

333 1417 545 1465 tientibus
565 1415 752 1462 molesta
776 1414 882 1461 sint.

436 1494 605 1543 Verum
635 1494 682 1540 in
713 1493 799 1539 hae
820 1497 965 1556 parte,
1003 1491 1057 1539 de
1088 1508 1173 1555 qua
1198 1493 1289 1556 jam
1321 1493 1561 1557 loquimur,
1598 1509 1708 1558 quae
1740 1493 1796 1541 ad

335 1573 693 1637 redargutionem
750 1571 1132 1635 philosophiarmn
1173 1573 1392 1636 pertinet,
1452 1573 1649 1621 feliciter
1688 1589 1796 1621 sane

334 1653 470 1700 levati
489 1669 666 1711 sumus,
698 1667 804 1697 casu
825 1649 1014 1714 quodam
1034 1656 1283 1714 opportuno
1306 1656 1351 1698 et
1377 1651 1589 1699 mirabili.

426 1731 543 1779 Nam
565 1731 666 1777 dum
690 1730 802 1777 haec
820 1734 1082 1790 tractarem,
1101 1730 1339 1778 intervenit
1359 1731 1525 1778 amicus
1546 1747 1669 1777 meus
1695 1730 1796 1794 qui-

333 1809 431 1856 dam
444 1826 501 1856 ex
515 1807 668 1857 Gallia
682 1809 874 1869 rediens,
889 1826 1015 1873 quem
1027 1826 1127 1856 cum
1139 1810 1398 1856 salutassem
1416 1815 1546 1874 atque
1559 1826 1640 1872 ego
1650 1809 1796 1870 illum,

334 1889 412 1935 ille
434 1905 528 1948 me,
561 1888 614 1935 de
634 1889 766 1934 rebus
793 1889 957 1935 nostris
979 1889 1261 1936 familiariter
1286 1889 1654 1951 interrogassem:
1679 1890 1794 1948 „Tu

335 1984 503 2027 ‚,vero,
524 1967 684 2029 inquit,
706 1984 898 2015 vacuus
921 1968 1027 2016 tuis
1047 1970 1108 2016 ab
1131 1969 1548 2033 occupationibus
1567 1969 1794 2017 civilibus

337 2047 552 2111 „spatiis
564 2081 576 2104 ,
611 2053 707 2093 aut
739 2045 926 2093 saltem
963 2048 1348 2095 remittentibus
1381 2049 1627 2108 negotiis,
1674 2048 1795 2112 quid

333 2125 481 2185 „agis
493 2126 547 2171 ?“
586 2123 941 2189 „Opportune‚
962 2125 1156 2188 11111113111,
1178 2143 1298 2174 nam
1319 2143 1381 2173 ne
1397 2126 1526 2173 nibil
1539 2143 1618 2173 me
1637 2143 1794 2187 agere

336 2205 634 2261 „em'stimes
646 2241 660 2264 ,
690 2205 928 2252 medito
943 2222 972 2251 r
1004 2205 1136 2253 inst
1148 2222 1224 2252 au
1238 2223 1310 2252 ra
1322 2205 1412 2252 tio
1426 2221 1495 2252 ne
1507 2222 1556 2252 m
1584 2222 1624 2270 p
1638 2204 1671 2251 Ιι
1685 2204 1795 2252 ilo-

336 2282 624 2347 sophiae²
671 2300 828 2348 quae
864 2283 1030 2331 nihil
1059 2284 1275 2331 inanis
1303 2291 1419 2332 aut
1457 2283 1801 2332 abstracti

336 2361 581 2421 habeat,
619 2379 899 2427 quaeque
931 2363 1104 2410 citae
1138 2362 1444 2411 humanae
1479 2361 1793 2410 conditio-

339 2457 372 2486 n
382 2456 443 2487 es
472 2441 536 2487 in
562 2459 613 2488 m
624 2460 650 2489 e
662 2442 751 2489 liu
763 2459 786 2490 s
801 2459 838 2506 p
850 2459 879 2488 r
891 2459 919 2489 o
932 2459 960 2488 v
975 2459 1000 2488 e
1012 2441 1044 2487 Ῐι
1056 2460 1088 2488 a
1100 2444 1170 2488 t.“
1205 2443 1527 2500 „Honestum
1545 2442 1791 2506 profecto

339 2535 496 2583 „opus
509 2555 520 2577 ‚
567 2520 737 2582 inquit,
779 2529 834 2567 et
859 2537 983 2585 quos
1013 2521 1177 2568 socios
1196 2520 1347 2568 babes
1358 2521 1412 2566 ,2⁶⁴
1457 2521 1600 2582 „Ego
1632 2525 1789 2575 certe,

339 2597 542 2660 inquam,
582 2599 636 2645 in
687 2616 884 2647 summa
922 2599 1199 2647 solitudine
1255 2616 1446 2648 versor.
1460 2601 1490 2626 ‘⁴
1565 2598 1793 2656 „Durae,

337 2676 496 2739 inquit,
524 2685 714 2741 partes
736 2685 859 2725 tuae
880 2680 1050 2725 sunt.“
1102 2677 1164 2724 Et
1194 2679 1341 2724 statim
1365 2677 1556 2723 addidit:
1592 2674 1790 2739 „Atque

337 2763 512 2802 tamen
532 2757 678 2815 scito,
694 2756 818 2804 haec
836 2757 951 2804 aln's
971 2774 1127 2804 curae
1147 2759 1302 2805 esse.“
1339 2756 1456 2802 Tum
1481 2770 1562 2813 ego
1575 2754 1790 2799 laetatus:

337 2834 616 2893 ‚‚Animam‚
643 2835 836 2897 inquam,
864 2836 1168 2883 reddidisti!
1216 2836 1324 2896 Ego
1346 2834 1478 2883 enim
1504 2833 1598 2880 hoc
1620 2832 1790 2880 animo

336 2928 730 2978 „praeceperam
742 2948 756 2973 ,
772 2916 987 2977 foetum
1010 2932 1174 2963 meum
1206 2915 1369 2962 veluti
1388 2915 1442 2961 in
1462 2930 1629 2961 eremo
1647 2913 1786 2976 peri-
