1947 3456
304 259 363 302 22
623 254 964 296 DELINEATIO
997 267 1045 294 m·
1076 254 1485 299 ARGUMENTUM.

311 370 422 417 votis
455 369 618 417 similia
647 369 814 430 videri,
857 385 1054 433 quaeque
1095 369 1192 431 spei
1226 370 1356 416 nimis
1381 370 1665 433 indulgeant,
1721 391 1769 420 re

308 465 412 496 vera
435 455 581 497 autem
611 466 666 496 ex
688 448 998 512 philosophiae
1031 453 1147 495 statu
1182 454 1348 495 mutato
1382 448 1446 494 nil
1477 449 1596 496 aliud
1636 468 1769 499 secu-

307 535 480 588 turum,
517 545 645 591 quam
673 533 720 574 ut
744 528 910 591 placita
931 527 1120 573 sortasse
1144 527 1493 588 transferantur,
1529 545 1602 576 res
1624 535 1768 578 autem

307 607 524 653 humanae
545 607 687 653 nihilo
709 606 883 653 futurae
903 605 992 652 sint
1017 606 1265 664 auctiores3
1336 607 1440 654 huie
1476 607 1558 654 fid
1573 625 1677 670 em,
1721 615 1770 656 ut

308 692 541 750 putamus,
581 685 889 744 faciemus,
925 683 991 728 nil
1023 684 1165 730 minus
1189 685 1262 747 agi
1291 701 1420 748 quam
1445 687 1657 750 placitum
1694 694 1770 735 aut

308 770 502 824 sectam,
539 769 822 828 nostramque
851 763 1069 810 rationem
1100 763 1155 809 ab
1187 763 1268 824 iis,
1315 780 1427 827 quae
1460 765 1686 830 hucusque
1724 767 1770 813 111

307 843 593 907 philosophia
617 849 660 890 et
682 844 884 891 scientiis
908 842 1110 906 praebita
1142 847 1272 902 sunt,
1312 848 1406 890 toto
1431 860 1595 907 genere
1616 845 1772 893 differ-

308 939 374 982 re,
405 939 586 986 operum
614 929 759 971 autem
784 923 1074 970 certissimam
1100 938 1286 968 messem
1307 922 1534 985 sponderi,
1565 924 1611 969 ni
1631 924 1773 971 homi-

309 1018 387 1049 nes
410 1018 607 1049 muscum
627 1003 718 1050 sive
741 1007 934 1065 segetem
958 1001 1188 1049 herbidam
1220 1000 1441 1047 demetere
1464 1018 1771 1067 praeoccupa-

309 1081 424 1141 rint,
463 1087 593 1144 atque
616 1082 776 1128 affectu
798 1081 963 1144 puerili
988 1086 1031 1127 et
1053 1084 1215 1126 conatu
1236 1079 1414 1135 fallaci,
1453 1097 1636 1144 operum
1669 1083 1772 1145 pig-

309 1174 418 1206 nora
440 1159 749 1223 intempestive
772 1159 1065 1223 captaverint.

407 1237 558 1300 Atque
581 1254 636 1285 ex
659 1238 753 1298 his,
785 1254 896 1301 quae
921 1237 1140 1296 diximus,
1177 1236 1490 1300 pertractatis,
1528 1237 1636 1285 satis
1668 1254 1773 1286 cau-

309 1321 402 1363 tum
424 1315 477 1363 de
497 1316 774 1380 praejudicio
801 1317 896 1363 fore
921 1316 1226 1363 existimamus
1257 1316 1381 1362 illius
1405 1317 1608 1378 generis,
1656 1316 1771 1380 quod

311 1411 365 1442 ex
385 1411 522 1459 prava
541 1401 586 1443 et
609 1396 762 1459 iniqua
779 1395 844 1443 rei
867 1411 977 1458 quae
999 1394 1578 1458 adducitur,praeceptione
1601 1397 1772 1443 confla-

310 1480 408 1535 tur,
447 1479 578 1539 atque
606 1490 692 1520 una
712 1473 953 1521 secundum
989 1478 1235 1537 partem,
1274 1489 1400 1536 quam
1422 1489 1702 1537 praepara
1718 1492 1773 1520 n·-

311 1559 418 1600 tem
455 1553 757 1617 appellamus,
794 1553 992 1610 absolvi3
1028 1558 1263 1616 postquam
1287 1558 1331 1599 et
1359 1569 1414 1599 ex
1436 1558 1562 1615 parte
1584 1554 1771 1616 religio-

312 1633 408 1692 nis,
446 1638 490 1680 et
518 1649 574 1679 ex
603 1638 730 1696 parte
751 1631 1140 1694 contemplationis
1177 1631 1454 1691 abstractae,
1484 1636 1528 1677 et
1552 1648 1610 1677 ex
1644 1637 1772 1695 parte

311 1710 574 1775 prudentiae
611 1711 830 1758 naturalis
873 1716 1003 1774 atque
1035 1710 1130 1773 ejus
1153 1709 1391 1769 comitatu,
1448 1708 1695 1756 diffidentia
1728 1716 1773 1757 et

312 1789 580 1850 sobrietate,
616 1795 660 1837 et
689 1790 938 1850 similibus,
985 1788 1126 1836 omnis
1151 1788 1334 1836 adversa
1372 1804 1480 1835 aura
1507 1789 1775 1836 conticuerit

314 1874 358 1917 et
380 1869 539 1916 reflare
561 1868 760 1916 desierit.

410 1946 623 1994 Attamen
673 1953 722 1994 ut
765 1946 969 1994 omnibus
1011 1946 1213 1994 numeris·
1254 1945 1476 2009 completa
1513 1947 1775 1994 adhibeatur

314 2026 626 2090 praeparatio,
662 2025 775 2071 illud
803 2025 956 2073 deesse
979 2025 1174 2085 videtur,
1213 2030 1261 2071 ut
1284 2026 1474 2088 languor
1496 2026 1592 2090 ipse
1615 2027 1775 2074 mentis

316 2110 359 2152 ct
382 2110 564 2169 torpor,
598 2121 654 2152 ex
675 2104 742 2152 rei
761 2104 975 2151 miraculo
997 2110 1253 2151 contractus
1276 2105 1474 2152 tollatur.
1544 2104 1670 2152 Haec
1693 2121 1776 2151 au-

316 2189 405 2231 tem
425 2184 543 2230 mala
561 2183 796 2248 dispositio
820 2183 996 2243 mentis,
1022 2188 1192 2230 tantum
1228 2200 1325 2247 per
1355 2199 1655 2230 causarum
1691 2184 1775 2230 in-

317 2262 669 2310 dicationem
707 2262 922 2309 aufertur.
968 2261 1082 2310 Sola
1104 2263 1219 2310 enim
1241 2279 1301 2310 ca
1318 2279 1548 2310 asarum
1584 2263 1777 2326 cogni-

317 2342 428 2402 tio,
464 2342 727 2389 miraculum
756 2341 823 2388 rei
848 2345 893 2387 et
924 2345 1148 2405 stuporem
1171 2336 1553 2389 mentisisolverit.
1621 2341 1780 2406 Itaque

319 2437 469 2468 omnes
488 2420 902 2485 impedimentorum
928 2422 1120 2469 malitias
1143 2427 1187 2469 et
1210 2423 1466 2481 molestias,
1515 2420 1673 2484 quibus
1706 2421 1780 2467 in-

319 2500 514 2547 terclusa
544 2499 830 2564 philosophia
867 2515 972 2546 vera
1003 2505 1224 2547 remorata
1261 2506 1357 2560 est,
1403 2500 1778 2562 signabimus,

318 2583 366 2626 ut
386 2579 565 2625 minime
586 2579 742 2624 mirum
769 2579 853 2638 sit,
883 2578 1120 2625 humanum
1146 2596 1286 2642 genus
1309 2579 1534 2626 erroribus
1561 2583 1651 2624 tam
1677 2576 1777 2623 diu-

318 2657 461 2706 turnis
484 2658 759 2722 implicatum
781 2663 911 2720 atque
933 2658 1177 2705 exercitum
1200 2658 1355 2706 fuisse.

415 2736 470 2784 In
493 2753 577 2801 qua
599 2742 724 2801 parte
751 2737 881 2783 etiam
909 2736 1020 2783 illud
1042 2743 1318 2801 opportune,
1355 2735 1418 2783 ad
1452 2750 1606 2799 spem
1634 2732 1778 2780 solido

320 2823 578 2878 argumento
603 2815 655 2862 fo
670 2832 765 2863 ven
783 2815 899 2862 dam
937 2816 1134 2879 patebit,
1183 2815 1389 2862 nimirum
1425 2814 1535 2863 licet
1569 2829 1671 2861 vera
1701 2813 1782 2860 illa

322 2911 347 2939 11
362 2901 451 2941 atu
466 2912 557 2942 rae
604 2895 656 2941 in
671 2899 719 2941 16
735 2911 791 2958 rp
807 2901 927 2941 reta
943 2895 1023 2942 tio
1039 2929 1052 2955 ‚
1089 2911 1218 2958 quam
1238 2894 1470 2955 molimur,
1506 2893 1664 2942 merito
1686 2908 1784 2939 ma·-
