1947 3456
323 275 390 321 70
909 277 1332 325 VERULAMII

330 413 444 445 nem
483 400 527 444 et
556 398 943 463 corruptionem
986 416 1097 448 csse.
1178 400 1242 448 At
1281 401 1369 448 ista
1403 418 1522 449 mere
1556 402 1793 467 popularia

331 480 499 522 suntet
534 477 655 522 nulla
688 475 816 522 modo
849 477 895 522 in
925 484 1124 525 naturam
1150 485 1406 542 penetrant3
1443 486 1632 544 suntque
1665 498 1794 528 men-

333 570 463 601 surae
496 560 541 601 et
569 554 741 617 periodi
772 561 970 615 tantum,
1025 573 1112 603 non
1156 558 1329 620 species
1359 564 1520 606 motus.
1597 559 1795 606 Innuunt

337 633 452 680 enim
495 632 606 678 illud
652 632 937 699 hucusque,
978 640 1023 681 et
1057 651 1145 681 non
1190 638 1438 700 quomodo
1480 638 1551 684 vel
1591 654 1658 686 ea:
1695 655 1792 703 quo

323 713 501 774 fonte.
547 710 704 774 Neque
727 713 843 759 enim
869 713 921 760 de
945 729 1180 776 corporum
1198 716 1413 778 appetitu,
1434 721 1510 762 aut
1530 715 1583 763 de
1603 717 1794 780 partium

336 805 486 835 eorum
518 806 756 852 processu,
802 791 968 855 aliquid
1000 792 1278 854 significant3
1314 792 1389 839 sed
1420 799 1616 854 tantum,
1663 811 1795 857 quum

338 873 481 913 motus
513 868 591 914 ille
624 885 714 915 rem
750 871 881 916 aliter
905 886 957 917 ac
988 871 1142 934 prius,
1180 887 1329 918 crasso
1351 872 1506 932 modo,
1541 873 1691 919 sensui
1714 889 1799 920 ex-

338 946 478 1005 hibet,
513 946 616 993 inde
646 947 905 995 divisionem
938 965 1059 995 suam
1084 950 1385 1012 auspicantur.
1448 949 1628 1012 Etiam,
1664 969 1796 1016 quum

340 1023 393 1071 de
417 1025 562 1071 causis
586 1031 779 1072 motuum
813 1027 979 1090 aliquid
1010 1028 1263 1090 significare
1299 1029 1477 1089 volunt,
1519 1035 1650 1094 atque
1681 1030 1798 1077 divi-

340 1103 507 1149 sionem
540 1120 595 1150 cx
639 1104 732 1150 illis
773 1105 1035 1164 instituere,
1085 1105 1376 1153 differentiam
1411 1113 1554 1155 motus
1582 1109 1800 1155 naturalis

342 1187 386 1227 et
415 1181 625 1241 violenti,
663 1183 856 1229 maxima
893 1200 991 1230 cum
1025 1184 1232 1231 socordia
1260 1174 1571 1244 introducunt3
1608 1203 1719 1250 quae
1757 1191 1802 1233 et

341 1259 440 1322 ipsa
480 1261 656 1307 omnino
695 1279 752 1308 ex
785 1263 967 1309 notione
999 1264 1172 1325 vulgari
1204 1269 1298 1324 est,
1350 1281 1447 1311 cum
1483 1266 1624 1313 omnis
1657 1271 1800 1312 motus

345 1338 562 1385 violentus
589 1340 720 1387 etiam
753 1342 969 1389 naturalis
999 1358 1047 1388 re
1069 1358 1173 1388 vera
1206 1343 1290 1402 sit,
1327 1343 1502 1390 scilicet
1529 1360 1626 1390 cum
1648 1349 1803 1391 exter-

343 1433 445 1463 num
479 1417 679 1467 efficiens
706 1426 909 1467 naturam
948 1421 1037 1466 alia
1074 1420 1203 1467 modo
1239 1421 1286 1467 in
1312 1438 1446 1485 opere
1473 1428 1634 1486 ponet,
1675 1438 1803 1487 quam

343 1512 428 1560 quo
451 1496 591 1560 prius.
1491 1547 1497 1551 .

445 1574 510 1621 At
529 1575 652 1623 hisce
675 1575 875 1635 omissis,
912 1575 960 1622 si
997 1576 1150 1639 quis,
1189 1578 1383 1641 exempli
1402 1579 1578 1641 gratia,
1610 1580 1804 1626 obser-

344 1655 599 1714 vaverit,
657 1654 804 1702 inesse
851 1656 1115 1718 corporibus
1173 1656 1415 1720 appetitum
1468 1664 1698 1706 contactus
1749 1658 1805 1704 ad

346 1732 552 1793 invicem,
571 1738 620 1780 ut
641 1750 729 1780 non
750 1734 976 1797 patiantur
994 1733 1206 1781 unitatem
1229 1742 1413 1784 naturae
1437 1754 1619 1800 prorsus
1642 1736 1807 1797 dirimi,

349 1817 424 1857 aut
461 1811 688 1871 abscindi,
737 1818 784 1858 ut
814 1827 999 1858 vacuum
1027 1811 1181 1871 detur3
1232 1820 1308 1861 aut
1353 1814 1401 1861 si
1455 1816 1582 1879 quis
1631 1815 1807 1876 dicat,

348 1890 494 1938 inesse
537 1891 798 1953 corporibus
841 1892 1087 1954 appetitum
1126 1907 1173 1939 se
1208 1893 1453 1957 recipiendi
1485 1894 1534 1940 in
1561 1895 1807 1942 naturalem

348 1985 473 2015 suam
508 1968 849 2028 dimensionem,
889 1971 959 2016 vel
987 1975 1237 2031 tonsuram,
1273 1979 1322 2019 ut
1351 1973 1390 2019 si
1420 1974 1539 2020 ultra
1570 1989 1692 2034 eam,
1732 1979 1809 2020 aut

351 2048 465 2094 citra
500 2064 624 2108 eam,
667 2048 1041 2111 comprimantur,
1086 2055 1161 2096 aut
1206 2049 1533 2112 distrahantur,
1576 2053 1724 2099 statim
1759 2052 1808 2099 in

352 2133 541 2176 veterem
570 2126 804 2190 sphaeram
832 2132 876 2174 et
901 2129 1285 2191 exporrectionem
1319 2145 1440 2175 suam
1468 2146 1516 2192 se
1542 2147 1808 2195 recuperare

349 2210 394 2251 et
426 2206 653 2252 remittere
688 2206 954 2264 molianturg
1009 2213 1084 2254 aut
1138 2207 1184 2254 si
1245 2208 1370 2271 quis
1425 2208 1606 2270 dicat,
1660 2209 1807 2256 inesse

350 2284 612 2347 corporibus
643 2284 889 2347 appetitum
919 2286 1280 2348 congregationis
1313 2286 1366 2333 ad
1389 2303 1556 2334 massas
1588 2293 1810 2335 connatu-

349 2363 508 2409 ralium
536 2379 744 2423 suorum,
781 2363 1016 2411 densorum
1048 2365 1255 2412 videlicet
1286 2382 1438 2413 versus
1469 2367 1620 2413 orbem
1645 2370 1809 2426 terrae,

351 2442 600 2488 tenuiorum
632 2447 677 2488 et
711 2441 927 2489 rariorum
968 2460 1119 2490 versus
1151 2445 1359 2492 ambitum
1391 2446 1531 2493 coeli:
1574 2445 1716 2494 haec
1758 2451 1811 2493 et

350 2519 669 2582 hujusmodi
692 2537 838 2570 vere
862 2522 1133 2587 physica
1155 2529 1283 2570 sunt
1309 2540 1524 2587 genera
1550 2530 1809 2572 motuum.

352 2596 416 2643 At
437 2597 518 2643 illa
553 2599 696 2645 altera
722 2600 855 2662 plane
879 2601 1029 2664 logica
1053 2608 1156 2649 sunt
1174 2608 1218 2650 et
1247 2603 1544 2664 scholastica,
1578 2608 1628 2649 ut
1648 2619 1704 2650 ex
1724 2603 1810 2650 bac

352 2676 592 2723 collatione
617 2693 767 2724 eorum
795 2681 1028 2728 manifesto
1060 2683 1217 2745 liquet.

445 2753 603 2818 Neque
636 2757 780 2803 minus
810 2759 942 2805 etiam
969 2762 1134 2808 malum
1164 2765 1258 2822 est,
1295 2759 1410 2824 quod
1440 2759 1487 2806 in
1514 2757 1809 2822 philosophiis

349 2835 851 2898 etcontemplationibus
865 2838 973 2899 suis,
998 2840 1052 2887 in
1082 2839 1397 2904 principiis
1429 2853 1610 2885 rerum
1641 2842 1812 2901 atque

352 2912 780 2964 ultimitatibus
817 2922 1056 2966 naturae
1100 2916 1524 2980 investigandis
1570 2921 1625 2964 et
1660 2921 1812 2964 trac·
