2064 3490
538 309 800 357 NOVUM
863 312 1244 358 ORGANUM.
1601 315 1667 363 73

182 436 321 496 ‚prout
340 431 425 480 rite
446 438 523 480 aut
542 434 660 481 male
683 433 934 493 institutae,
957 433 1072 481 tales
1088 440 1335 498 sequuntur
1356 436 1670 503 philosophiae

185 517 232 560 et
253 513 672 577 contemplationes.
729 511 918 559 Fallunt
938 520 1084 560 autem
1111 521 1155 562 et
1188 516 1542 580 incompetentes
1569 526 1672 567 sunt

186 608 285 652 eae,
322 592 533 656 quibus
570 592 782 638 utimur
818 592 870 637 in
912 593 1187 640 universo
1225 596 1333 643 illo
1372 614 1671 661 processu,

186 671 264 736 qui
284 688 312 719 a
341 688 476 720 sensu
512 677 557 718 et
590 672 724 719 rebus
762 670 886 718 ducit
923 672 976 719 ad
1011 673 1239 720 axiomata
1275 682 1319 722 et
1342 678 1673 727 conclusiones.

295 751 387 812 Qui
425 750 602 815 quidem
641 768 950 816 processus
986 753 1355 818 quadruplex
1392 763 1460 804 est
1491 764 1535 806 et
1565 760 1674 807 vitia

187 831 288 896 ejus
324 830 527 878 totidem.

289 910 519 971 Primo,
563 909 884 973 impressiones
929 927 1087 959 sensus
1126 913 1269 976 ipsius
1316 913 1502 962 vitiosae
1545 923 1672 976 sunt3

187 1007 345 1038 sensus
397 989 515 1036 enim
557 996 603 1036 et
646 989 849 1036 destituit
901 996 944 1037 et
988 990 1120 1037 fallit.
1196 993 1263 1040 At
1308 993 1674 1044 destitutionibus

185 1069 559 1129 substitutiones,
596 1068 793 1116 fallaciis
825 1069 1176 1119 rectificationes
1208 1072 1441 1123 debentur.

292 1159 330 1209 S
345 1177 369 1209 e
383 1177 408 1208 c
423 1176 452 1207 u
467 1176 495 1206 n
509 1159 534 1206 d
550 1177 593 1221 o,
629 1161 836 1208 notiones
858 1162 913 1207 ab
937 1161 1309 1224 impressionibus
1331 1182 1539 1213 sensuum
1559 1169 1674 1216 male

188 1241 539 1298 abstrahuntur3
571 1245 616 1287 et
636 1240 950 1288 interminatae
973 1248 1017 1288 et
1040 1242 1253 1291 confusae
1277 1252 1395 1307 sunt,
1435 1263 1545 1311 quas
1578 1255 1676 1296 ter-

188 1321 383 1370 minatas
409 1325 454 1367 et
478 1320 591 1366 bene
613 1318 763 1367 finitas
791 1337 888 1368 esse
913 1323 1128 1385 oportuit.

293 1400 527 1460 Tertio,
563 1399 766 1447 inductio
787 1402 904 1447 mala
926 1408 1019 1462 est,
1057 1419 1170 1467 quae
1190 1420 1272 1467 per
1294 1409 1675 1457 enumerationem

187 1480 436 1544 simplicem
470 1478 694 1544 principia
726 1481 956 1528 concludit
985 1483 1302 1545 scientiarum,
1339 1503 1426 1534 non
1464 1489 1676 1536 adhibitis

188 1560 527 1608 exclusionibus
557 1566 602 1607 et
634 1560 934 1608 solutionibus
969 1563 1061 1609 sive
1095 1565 1456 1627 separationibus
1490 1575 1676 1616 naturae

187 1640 369 1688 debitis.

293 1731 630 1791 Postremo,
681 1729 838 1778 modus
868 1731 948 1779 ille
981 1732 1238 1781 inveniendi
1274 1741 1318 1783 et
1342 1740 1590 1802 probandi,
1627 1747 1677 1790 ut

188 1812 334 1878 primo
359 1810 585 1875 principia
617 1810 813 1858 maxime
847 1813 1081 1874 generalia
1113 1816 1473 1881 constituantur,
1514 1821 1676 1870 deinde

190 1892 337 1940 inedia
361 1891 589 1938 axiomata
618 1890 674 1937 ad
699 1907 753 1938 ea
781 1892 1067 1955 applicentur
1095 1899 1140 1940 et
1161 1897 1436 1961 probentur,
1473 1918 1675 1950 errorum

189 1977 334 2020 mater
355 1976 424 2020 est
448 1976 493 2019 et
515 1970 804 2018 scientiarum
829 1973 1021 2018 omnium
1045 1973 1295 2024 calamitas,

291 2063 463 2112 Verum
488 2062 542 2109 de
569 2062 686 2123 istis,
713 2080 825 2127 quae
847 2064 939 2128 jam
964 2065 1110 2112 obiter
1134 2069 1495 2133 perstringimus,
1533 2072 1676 2121 fusius

191 2143 408 2205 dicemus,
437 2160 569 2208 quum
605 2142 886 2191 VERAM
919 2144 1675 2199 INTERPRETANDAE

189 2221 571 2272 NATURAE
607 2222 833 2283 VIAM,
880 2225 1098 2273 absolutis
1132 2227 1233 2275 istis
1264 2229 1598 2295 expiationibus
1632 2237 1677 2281 et

193 2303 598 2369 expurgationibns
622 2303 809 2363 mentis,
846 2320 1164 2368 proponemus.

851 2427 1017 2477 LXX.

294 2515 412 2567 Sed
449 2517 875 2568 demonstratio
915 2522 1097 2586 longe
1146 2523 1368 2587 optima
1416 2533 1504 2573 est
1545 2525 1676 2575 EX-

193 2596 664 2659 PERIENTIA,
701 2599 864 2648 modo
902 2600 1143 2649 haereat
1187 2603 1405 2668 inipso
1443 2609 1677 2672 experi-

194 2683 398 2726 mento.
471 2676 588 2725 Nam
611 2680 649 2725 si
670 2680 932 2729 traducatur
958 2681 1011 2727 ad
1036 2682 1142 2742 alia,
1181 2699 1294 2746 quae
1315 2685 1480 2733 similia
1515 2688 1678 2735 existi-

196 2763 392 2819 mantur,
428 2757 517 2805 nisi
545 2759 630 2807 rite
660 2766 704 2808 et
724 2761 880 2809 ordine
915 2762 994 2808 fiat
1025 2761 1106 2808 illa
1136 2763 1387 2827 traductio,
1433 2784 1505 2815 res
1535 2768 1679 2814 fallax

197 2842 282 2890 est.
352 2838 419 2885 At
465 2839 660 2887 modus
707 2841 1084 2906 experiendi,
1114 2873 1122 2880 ι
1147 2861 1233 2908 quo
1295 2845 1497 2893 homines
1560 2862 1678 2895 nunc

198 2922 401 2978 utuntur,
439 2935 601 2968 caecus
637 2928 706 2970 est
742 2928 787 2970 et
819 2921 1040 2986 stupidus.

301 2995 459 3061 Itaque
494 3016 593 3048 cum
630 3008 782 3049 errant
819 3008 864 3050 et
902 3006 1120 3064 vagantur
1158 3002 1283 3049 nulla
1319 3003 1389 3051 via
1429 3010 1571 3066 certa,
1602 3006 1679 3054 sed
