1947 3456
286 270 342 312 10
806 258 1227 298 PROOEMIUM.

283 398 404 428 suum
454 380 496 424 iu
535 374 783 423 istiusmodi
822 390 868 419 rc
907 374 1100 418 inserere
1136 381 1413 433 praesuumt,
1451 368 1608 431 quibus
1645 382 1743 413 mo*

285 451 344 496 ris
375 454 442 496 cst
477 464 532 493 cx
572 458 786 508 personae
824 440 1008 488 calculis
1047 439 1223 500 singula
1259 437 1523 495 aestimare,
1569 435 1638 481 vel
1684 450 1738 481 ex

282 517 441 565 similis
487 520 671 560 conatus
715 508 933 572 exemplis
978 507 1280 569 conjecturam
1322 505 1491 561 Τηρεΐας
1539 501 1606 547 illi
1645 501 1743 548 dic-

284 594 372 632 tum
414 584 512 628 volo
549 587 591 626 ct
624 578 734 624 illud
777 583 926 623 vetus:
975 575 1224 624 Clcmdum
1248 574 1302 621 in
1339 573 1438 631 via,
1476 587 1742 621 cursorem

286 662 442 702 emtra
473 650 608 698 ‘riam
649 652 1001 702 antevertere,
1069 649 1124 689 et
1172 642 1237 688 de
1290 640 1583 704 exemplis
1635 656 1742 686 non

284 717 676 783 cogitandum,
714 730 829 760 rem
866 712 1013 759 enim
1049 711 1174 757 siue
1221 710 1485 772 exemplo
1533 724 1675 755 esse.

382 784 653 834 Publicandi
702 787 848 829 autem
893 781 980 827 ista
1016 778 1130 825 ratio
1176 794 1230 824 ea
1272 783 1364 824 est:
1413 782 1488 836 ut,
1533 792 1645 839 quae
1691 776 1744 822 ad

283 855 563 919 ingeniorum
600 848 1020 914 correspondentias
1043 845 1287 910 captandas
1317 852 1361 892 et
1388 844 1598 892 mentium
1621 860 1748 891 areas

285 922 538 988 purgandas
576 919 824 984 pertinent,
862 916 1051 964 edantur
1084 915 1128 961 in
1168 914 1326 977 vulgus
1361 919 1405 960 et
1441 929 1522 976 per
1558 928 1637 959 ora
1667 929 1750 960 vo-

284 993 442 1051 litent,
487 989 661 1052 reliqua
701 1003 786 1051 per
832 1001 988 1032 manus
1033 982 1268 1030 tradantur
1307 998 1407 1030 cum
1451 981 1672 1028 electione
1704 988 1748 1029 et

280 1059 470 1125 judicio.

383 1126 483 1174 Nec
520 1140 588 1171 me
623 1124 763 1181 latet,
809 1121 1020 1167 usitatum
1055 1123 1100 1165 et
1135 1116 1287 1182 tritum
1329 1132 1427 1164 esse
1457 1117 1747 1181 impostorum

284 1194 554 1251 artificium,
596 1197 646 1238 ut
685 1188 901 1254 quaedam
945 1203 971 1234 a
1017 1186 1149 1248 vulgo
1193 1189 1456 1245 secernant,
1504 1185 1647 1231 nihilo
1692 1186 1749 1233 iis

283 1263 497 1327 ineptiis,
551 1275 660 1324 quas
710 1258 842 1320 vulgo
884 1255 1160 1320 propinant,
1208 1252 1413 1299 meliora.
1500 1252 1595 1301 Sed
1648 1270 1749 1316 ego,

283 1332 382 1379 sinc
418 1329 539 1378 omni
577 1329 824 1391 impostura
859 1342 916 1372 ex
955 1321 1235 1387 providentia
1269 1336 1379 1368 sana
1403 1322 1649 1384 prospicio,
1675 1323 1750 1386 ip-

285 1415 379 1447 sam
427 1388 1241 1445 INTERPRETATIONIS
1296 1387 1748 1438 FORMULAM

285 1466 387 1515 ET
425 1462 788 1514 INVENTA
828 1459 981 1507 PER
1018 1455 1376 1516 EANDEM,
1409 1456 1562 1504 intra
1599 1460 1750 1523 legi-

288 1536 425 1583 tima
466 1540 520 1581 et
568 1536 767 1596 optata
808 1528 1047 1592 ingenia
1081 1527 1314 1585 clausa,
1358 1526 1662 1588 vegetiora
1699 1534 1752 1575 et

288 1602 607 1651 munitiora
642 1599 862 1646 sutura.

389 1671 529 1734 Ipse
584 1684 721 1715 vero
779 1666 972 1712 alieno
1030 1660 1303 1726 periculo
1356 1660 1473 1707 ista
1529 1662 1752 1710 molior.

288 1740 438 1789 Mihi
475 1737 620 1786 enim
657 1735 746 1782 nil
784 1749 998 1790 eorum,
1036 1745 1176 1793 quae
1214 1729 1277 1775 ab
1315 1729 1578 1776 externis
1616 1747 1753 1793 pen-

289 1810 456 1867 dent,
504 1804 670 1853 cordi
721 1809 822 1850 est.
890 1799 1089 1862 Neque
1131 1797 1277 1844 enim
1317 1796 1500 1844 famae
1537 1813 1752 1862 auceps

290 1894 432 1936 sum,
470 1890 580 1922 nec
614 1867 1163 1919 haeresiarcharum
1201 1881 1353 1912 more
1378 1871 1598 1913 sectam
1622 1883 1752 1913 con-

290 1947 421 1993 dere
451 1946 677 2006 gratum
707 1939 903 1997 habeo,
940 1934 1308 1999 etprivatum
1340 1934 1578 1997 aliquod
1610 1950 1754 1982 emo-

289 2015 594 2060 lumentum
646 2025 711 2056 ex
753 2011 920 2054 tanta
965 2002 1279 2050 molitione
1329 2009 1575 2064 captare
1611 2002 1755 2049 ridi-

291 2082 474 2130 culum
524 2084 575 2126 et
621 2082 794 2139 turpe
841 2073 1001 2120 duco.
1070 2070 1219 2117 Mihi
1267 2069 1515 2117 sufficit
1557 2071 1753 2118 meriti

292 2147 670 2197 conscientia
714 2149 772 2191 et
817 2143 947 2205 ipsa
986 2139 1095 2184 illa
1124 2154 1312 2185 rerum
1347 2138 1619 2198 effectio,
1656 2154 1754 2188 cu}

292 2233 369 2269 NE
405 2227 706 2266 FORTUNA
744 2224 877 2261 IPSA
914 2219 1373 2260 RNTERCEDERE
1412 2218 1651 2257 Possl'r.
