1947 3456
321 302 387 348 90
835 302 1259 350 VERULAMH

421 422 580 488 Neque
606 440 687 487 pro
717 423 858 470 nihilo
892 424 1228 485 aestimandum,
1267 424 1381 488 quod
1409 440 1489 489 per
1513 426 1778 492 longinquas

320 503 725 567 navigationes
771 508 824 550 et
862 519 890 566 p
908 504 1142 566 eregrin
1158 504 1410 563 ationes,
1446 519 1558 567 quae
1585 507 1778 552 saeculis

319 588 485 637 nostris
518 585 849 642 increbuerunt,
886 582 1076 646 plurima
1110 582 1155 628 in
1187 589 1345 628 natura
1374 582 1600 646 patuerint
1625 588 1670 631 et
1701 599 1778 631 re-

318 673 445 733 perta
464 664 570 722 sint,
597 678 708 724 quae
732 677 888 708 novam
912 659 1221 724 philosophiae
1244 661 1389 707 lucem
1410 662 1646 709 immittere
1669 678 1780 726 pos·-

319 748 425 793 sint.
496 741 614 801 Quin
654 746 699 787 et
725 746 855 804 turpe
890 738 1142 784 hominibus
1165 738 1297 794 foret,
1337 739 1376 785 si
1410 740 1569 802 globi
1603 757 1644 786 m
1658 745 1777 788 ate-

317 824 365 871 ri
379 822 491 869 alis
526 827 578 868 tr
590 836 614 866 a
626 825 717 867 ctu
732 836 771 878 s,
806 825 1022 866 terrarum
1055 816 1277 877 videlicet,
1301 817 1504 878 marium,
1540 823 1777 877 astrorum,

318 902 484 950 nostris
521 898 794 962 temporibus
837 897 1097 943 immensum
1142 896 1286 959 aperti
1330 902 1374 943 et
1403 896 1625 943 ‘illustrati
1669 896 1776 956 sint,

318 980 479 1046 globi
517 983 661 1025 autem
697 975 1145 1023 intellectualis
1176 974 1304 1035 fines,
1336 975 1453 1022 inter
1481 980 1676 1023 veterum
1699 974 1776 1021 in-

320 1065 447 1108 venta
466 1063 511 1105 et
535 1056 761 1119 angustias
787 1055 1093 1102 cohibeantur.

418 1138 502 1185 Au
515 1142 534 1182 t
547 1152 571 1182 0
584 1151 605 1180 r
618 1152 642 1181 e
654 1151 676 1181 5
710 1149 815 1180 vero
841 1132 956 1196 quod
982 1132 1156 1192 attinet,
1179 1147 1373 1182 summae
1395 1131 1776 1195 pusillanimitatis

316 1223 410 1278 est,
457 1213 687 1262 autoribus
731 1211 906 1258 infinita
938 1211 1135 1258 tribuere
1147 1245 1162 1271 ,
1183 1216 1190 1222 ’
1207 1210 1354 1258 autori
1391 1214 1533 1257 autem
1575 1216 1778 1257 autorum

317 1303 448 1360 atque
471 1293 580 1340 adeo
604 1291 745 1338 omnis
767 1290 1036 1350 autoritatis,
1072 1295 1177 1337 tem
1192 1284 1345 1353 pori,
1378 1288 1452 1351 jus
1487 1305 1611 1334 suum
1638 1288 1777 1335 dene-

317 1392 441 1440 gare.
486 1372 630 1418 Recte
653 1370 768 1417 enim
792 1370 1004 1428 veritas,
1044 1368 1289 1434 temporis
1298 1367 1424 1427 filia
1452 1366 1642 1428 dicitur,
1673 1383 1776 1416 non

316 1451 642 1504 autoritatis.

422 1532 630 1593 Itaque
665 1526 855 1573 mirum
885 1543 993 1573 11011
1025 1530 1124 1586 651,
1155 1525 1205 1572 si
1236 1523 1468 1571 fascina
1488 1522 1604 1570 ista
1635 1521 1776 1569 anti-

318 1608 567 1676 quitatis
604 1611 659 1654 et
696 1610 954 1652 autorum
1001 1610 1057 1651 et
1097 1618 1445 1661 consensus,
1490 1601 1775 1647 hominum

317 1691 522 1737 virtutem
547 1687 629 1733 ita
661 1682 996 1747 ligaverint,
1034 1686 1093 1728 ut
1128 1697 1244 1728 eum
1273 1681 1440 1728 rebus
1470 1679 1620 1743 ipsis
1648 1695 1774 1725 con-

317 1782 605 1825 suescere,
630 1769 897 1826 tanquam
927 1760 1295 1820 maleficiati,
1319 1776 1384 1806 no
1400 1775 1426 1805 n
1456 1757 1774 1823 potuerint.

910 1893 1172 1942 LXXXV.

415 1989 573 2052 Neque
609 1987 749 2033 solum
788 1984 1100 2031 admiratio
1138 1983 1532 2047 antiquitatis,
1563 1981 1776 2029 autori-

316 2070 475 2128 tatis,
513 2080 859 2124 consensus,
903 2064 1186 2110 hominum
1235 2062 1583 2108 industriam
1618 2061 1775 2121 iniis,

318 2148 543 2214 quaejam
572 2145 752 2191 inventa
779 2148 899 2202 sunt,
936 2142 1320 2205 acquiescere
1357 2139 1658 2203 compulit,
1695 2155 1774 2186 ve-

315 2245 411 2275 rum
450 2226 582 2273 etiam
630 2238 857 2285 operum
907 2221 1157 2285 ipsorum
1195 2218 1536 2278 admiratio,
1586 2233 1772 2281 quorum

317 2307 447 2371 copia
477 2301 742 2368 jampridem
778 2300 898 2347 facta
933 2305 1001 2347 est
1036 2299 1227 2345 humano
1263 2296 1432 2359 generi.

415 2393 613 2452 Etenim,
635 2408 766 2456 quum
788 2389 885 2454 quis
911 2405 1056 2436 rerum
1079 2388 1338 2436 varietatem
1358 2392 1403 2434 et
1427 2385 1772 2451 pulcherrimum

318 2477 672 2537 apparatum,
696 2469 770 2533 11111
803 2484 901 2532 1161·
933 2473 1092 2515 artes
1125 2466 1509 2526 mechanicas,
1530 2465 1585 2512 ad
1606 2466 1773 2513 cultum

315 2552 553 2599 humanum
581 2553 819 2611 congestus
851 2551 896 2594 et
920 2546 1199 2593 introductus
1230 2550 1314 2605 est,
1351 2545 1495 2591 oculis
1513 2542 1771 2607 subjecerit,

318 2647 370 2678 60
395 2633 516 2677 66116
545 2626 796 2684 inclinabit,
832 2630 881 2671 ut
901 2625 1049 2688 potius
1079 2623 1133 2671 ad
1158 2623 1411 2689 opulentiae
1439 2624 1655 2670 humanae
1686 2619 1771 2666 ad-

317 2707 620 2765 mirationem,
664 2719 792 2767 quam
830 2703 885 2749 311
923 2702 1101 2765 inopiae
1143 2719 1318 2751 sensum
1355 2700 1556 2759 accedat,
1591 2698 1770 2746 minime

317 2787 566 2845 advertens,
597 2781 845 2846 primitivas
872 2781 1062 2827 hominis
1087 2781 1416 2830 observationes
1435 2784 1566 2841 atque
1585 2782 1771 2824 naturae

319 2863 599 2927 operationes
641 2861 771 2924 [quae
805 2859 859 2905 ad
899 2875 1071 2906 omnem
1122 2860 1244 2905 1113111
1290 2858 1573 2917 varietatem,
1626 2856 1770 2903 instar

319 2942 489 2988 animae
513 2944 613 2987 511111
638 2944 681 2985 01
704 2937 833 3002 primi
861 2939 1020 2998 11101115]
1058 2953 1138 2984 nec
1173 2937 1350 2998 multaS,
1386 2952 1469 2984 nec
1495 2936 1584 2984 alte
1607 2934 1769 2999 petitas
