1947 3456
305 310 402 354 110
822 305 1260 354 VERULAMII

300 445 414 476 nova
432 427 619 474 inveniri
642 428 829 490 possint,
868 427 921 474 ad
945 427 1180 473 humanam
1204 425 1336 472 vitam
1370 430 1414 472 et
1436 430 1596 472 statum
1621 423 1765 487 utilia,

300 525 381 572 per
422 508 552 554 istam
598 507 919 569 experientiam
968 523 1095 568 quam
1132 521 1339 553 vocamus
1377 503 1631 563 literatam3
1688 505 1765 552 sed

298 594 446 635 tamen
474 585 644 631 minora
677 584 729 631 de
764 601 816 631 ea
848 584 1067 648 speranda
1104 590 1232 645 sunt,
1268 586 1439 649 majora
1475 600 1576 630 vero
1603 599 1629 629 a
1655 599 1767 629 nova

297 668 397 714 luce
420 665 708 723 axiomatum,
747 681 803 710 ex
831 663 1175 727 particularibus
1196 664 1288 710 illis
1308 669 1430 711 certa
1455 663 1525 709 via
1547 668 1590 710 et
1610 662 1766 723 regula

297 746 574 803 eductorum,
612 758 723 806 quae
752 759 905 789 rursus
937 757 1050 788 nova
1074 742 1364 805 particularia
1396 742 1593 788 indicent
1617 746 1661 788 et
1684 739 1766 787 de-

297 826 488 888 signent.

397 912 556 975 Neque
587 912 701 958 enim
749 911 792 956 in
838 911 968 974 plano
1004 910 1076 957 via
1109 910 1196 957 sita
1227 914 1320 970 est,
1364 908 1440 956 sed
1486 905 1765 954 ascendendo

299 990 701 1050 etdesccndendo3
753 988 1110 1036 ascendendo
1157 989 1300 1053 primo
1346 988 1410 1035 ad
1457 989 1765 1046 axiomata,

298 1068 702 1120 descendendo
733 1067 796 1114 ad
836 1083 1026 1130 opera.

973 1200 1097 1248 CIV.

394 1293 594 1357 Neque
632 1297 816 1339 tamen
855 1291 1300 1354 permittendum
1340 1297 1453 1351 est,
1491 1297 1550 1338 ut
1585 1291 1763 1338 intel-

293 1377 483 1422 lectus
522 1388 545 1418 a
577 1371 950 1435 particularibus,
1006 1371 1058 1417 ad
1085 1371 1310 1417 axiomata
1344 1376 1514 1417 remota
1555 1376 1599 1417 et
1636 1369 1762 1433 quasi

292 1451 627 1517 generalissima
651 1450 818 1512 [qualia
849 1454 950 1495 sunt
970 1449 1218 1512 principia,
1255 1465 1366 1512 quae
1388 1455 1565 1509 vocant,
1601 1450 1762 1495 artium

291 1539 336 1580 et
368 1531 534 1591 rerum]
573 1521 751 1576 saliat
788 1534 838 1575 et
874 1529 1042 1586 volet,
1072 1533 1115 1573 et
1139 1527 1192 1573 ad
1218 1544 1369 1574 eorum
1392 1527 1615 1574 immotam
1640 1528 1762 1575 veri-

291 1618 426 1659 tatem
469 1609 693 1655 axiomata
727 1606 872 1654 media
910 1607 1068 1670 probet
1102 1611 1146 1653 et
1175 1605 1408 1669 expediat3
1461 1606 1578 1669 quod
1616 1607 1760 1654 adbuc

290 1691 454 1737 factum
476 1693 560 1746 est,
583 1703 723 1750 prono
747 1685 798 1732 ad
824 1685 908 1733 hoc
930 1686 1094 1748 impetu
1119 1685 1314 1731 naturali
1334 1685 1607 1745 intellectus,
1629 1692 1760 1749 atque

290 1770 422 1817 etiam
448 1766 501 1812 ad
533 1766 618 1812 boc
648 1765 819 1828 ipsum,
857 1781 938 1827 per
972 1764 1372 1810 demonstrationes
1403 1779 1514 1827 quae
1546 1764 1657 1811 iiunt
1679 1782 1760 1828 per

288 1847 620 1912 syllogismum,
652 1843 917 1907 jampridem
952 1843 1110 1890 edocto
1150 1848 1194 1890 et
1223 1843 1490 1890 assuefacto.
1560 1842 1656 1892 Sed
1693 1844 1758 1892 de

287 1926 566 1975 scientiis
589 1929 679 1970 tum
703 1922 875 1970 denmm
904 1923 967 1969 be
985 1939 1009 1968 n
1028 1939 1051 1969 e
1079 1921 1366 1986 speranda
1383 1939 1421 1968 m
1455 1927 1558 1982 est,
1581 1923 1755 1986 quando

287 2022 388 2071 pel·
435 2004 651 2051 scalam
697 2018 882 2048 veram
928 2007 972 2047 et
1014 2018 1093 2064 per
1125 2001 1289 2064 gradus
1321 2002 1557 2048 continuos
1589 2007 1632 2048 et
1665 2019 1755 2050 non

287 2083 565 2132 intermissos
599 2085 674 2126 aut
714 2079 917 2139 hiulcos,
964 2096 988 2125 a
1020 2081 1365 2142 particularibus
1409 2080 1756 2128 ascendetur

287 2163 348 2210 ad
387 2161 678 2208 axiomata
713 2159 943 2218 minora,
983 2166 1026 2205 et
1051 2158 1209 2205 deinde
1232 2158 1285 2204 ad
1324 2159 1512 2205 media
1538 2159 1628 2205 alia
1653 2161 1754 2207 aliis

285 2240 517 2305 superiora
533 2273 546 2298 ,
594 2245 638 2284 et
681 2244 906 2301 postremo
951 2237 1122 2283 denium
1175 2236 1229 2282 ad
1286 2238 1754 2299 generalissima.

284 2319 465 2367 Etenim
498 2317 724 2363 axiomata
765 2317 818 2362 in
834 2317 854 2362 f
861 2317 925 2362 im
941 2331 966 2362 a
1024 2333 1111 2362 non
1159 2316 1343 2361 inultum
1385 2317 1439 2362 ab
1475 2316 1754 2379 experientia

284 2399 402 2446 nuda
423 2398 694 2460 discrepant.
765 2395 1045 2459 Suprema
1082 2412 1184 2442 vero
1216 2395 1296 2440 illa
1331 2400 1375 2442 et
1396 2396 1752 2458 generalissima,

285 2494 396 2542 quae
425 2477 659 2536 habentur,
697 2475 943 2521 nationalia
963 2481 1065 2520 sunt
1093 2479 1137 2520 et
1164 2475 1405 2533 abstracta,
1433 2480 1477 2521 et
1499 2475 1565 2521 nil
1589 2475 1753 2522 babent

283 2555 433 2604 solidi.
502 2555 577 2600 At
621 2553 805 2600 media
853 2558 987 2599 sunt
1033 2552 1322 2598 axiomata
1367 2553 1477 2599 illa
1521 2569 1657 2601 vera
1693 2558 1749 2600 et

283 2633 473 2683 solida
509 2638 562 2678 et
598 2632 752 2691 viva,
781 2632 835 2677 in
875 2631 1075 2694 quibus
1112 2631 1384 2678 humanae
1423 2647 1515 2678 res
1550 2637 1603 2680 et
1631 2631 1749 2677 fer-

281 2721 449 2762 tunae
483 2711 633 2757 sitae
664 2715 825 2768 sunt,
861 2715 904 2756 et
927 2726 1061 2773 supra
1082 2711 1193 2757 haec
1218 2727 1407 2774 quoque,
1443 2709 1617 2757 tandem
1650 2709 1748 2772 ipsa

281 2795 362 2839 illa
388 2789 751 2854 generalissima,
785 2789 895 2835 talia
915 2790 1116 2850 scilicet,
1149 2806 1260 2854 quae
1281 2806 1368 2836 non
1393 2789 1617 2835 abstracta
1641 2789 1747 2846 sint,

281 2872 358 2919 sed
378 2887 460 2935 per
482 2869 593 2916 haec
615 2867 760 2914 media
791 2884 889 2914 vere
910 2869 1174 2916 limitantur.

375 2949 534 3011 Itaque
554 2947 778 2995 hominum
799 2946 1049 2995 intellectui
1066 2963 1156 2994 non
1176 2947 1353 3011 plumae
1375 2945 1632 3007 addendae,
1667 2945 1745 2995 sed
