1947 3456
322 274 383 317 20
639 271 845 311 DELINE
854 271 978 311 ΑΤΙΟ
1010 284 1059 310 E'r
1089 271 1497 316 ARGUMENTUM.

328 387 590 450 abjiciamus
642 389 720 433 sed
757 391 1070 450 permutemus.
1139 385 1298 449 ltaque
1342 402 1446 449 pars
1485 387 1571 433 ista
1588 423 1602 447 ,
1659 405 1789 452 quam

329 466 518 513 destru
533 471 714 512 entem
748 466 1042 528 appellamus,
1064 465 1206 511 tribus
1225 465 1611 524 redargutionibus
1635 468 1789 514 absol-

330 547 468 592 vitur:
504 542 1147 591 REDARGUTIONE
1203 542 1790 592 PHILOSOPHIA-

327 624 516 682 RUM,
575 620 1212 669 REDARGUTIONE
1273 622 1791 671 DEMONSTRA-

329 700 672 759 TIONUM‚
721 707 772 748 et
818 699 1458 747 REDARGUTIONE
1507 700 1791 748 RATIO-

327 781 455 828 NIS
494 778 874 827 HUMANAE
918 778 1073 825 NAT
1092 777 1290 826 lVAE.
1370 777 1528 841 Neque
1552 797 1633 827 nos
1659 780 1790 842 fugit,

329 862 493 924 absque
519 866 641 906 tanto
677 867 796 906 motu
826 859 1107 905 accessiones
1141 875 1227 904 non
1255 874 1413 921 parvas
1436 858 1490 904 ad
1528 858 1740 905 scientias
1766 875 1792 904 a

329 941 454 987 nobis
475 939 571 986 fieri
601 939 827 1002 potuisse,
865 944 996 1001 atque
1019 937 1141 983 aditu
1166 937 1355 983 fortasse
1383 937 1437 983 ad
1469 938 1643 984 laudem
1676 938 1792 984 mol-

328 1020 457 1067 liore.
527 1017 695 1066 Verum
718 1035 816 1076 nos,
845 1017 986 1063 nescii
1010 1016 1182 1079 quando
1207 1016 1316 1063 haee
1333 1017 1470 1063 alicui
1491 1017 1569 1062 alii
1591 1017 1636 1062 in
1664 1033 1791 1062 men-

326 1106 415 1146 tem
442 1103 626 1145 ventura
653 1097 770 1155 sint,
808 1096 939 1141 fidem
964 1101 1159 1141 nostram
1182 1095 1227 1140 in
1253 1095 1473 1158 integrum
1496 1096 1689 1143 liberam
1711 1095 1791 1142 de-

327 1178 563 1224 crevimus.
1302 1179 1307 1183 ’

424 1257 539 1303 Post
559 1272 706 1303 aream
733 1255 892 1302 mentis
916 1259 1164 1317 aequatam,
1186 1253 1403 1317 sequitur,
1439 1258 1484 1299 ut
1514 1269 1553 1297 m
1569 1268 1664 1299 ens
1699 1268 1792 1315 po-

326 1345 459 1390 natu
474 1353 496 1381 r
541 1336 598 1381 in
627 1335 1011 1382 conversione
1061 1334 1163 1380 bon
1181 1349 1223 1393 a,
1261 1338 1304 1380 et
1327 1332 1464 1378 veluti
1502 1332 1547 1377 in
1579 1331 1792 1395 adspectu

325 1415 540 1463 benevolo
571 1414 625 1461 ad
651 1431 730 1474 ea,
768 1430 878 1477 quae
896 1428 1210 1476 proponemus.
1279 1410 1389 1457 Cum
1412 1411 1528 1457 enim
1550 1411 1595 1456 in
1616 1427 1662 1457 re
1680 1426 1793 1456 nova

325 1496 472 1543 valeat
503 1494 556 1540 ad
582 1493 932 1558 praejudicium,
977 1508 1064 1537 nen
1100 1491 1242 1536 solum
1274 1490 1618 1554 praeoccupatio
1663 1489 1792 1536 fortis

326 1575 549 1638 opinionis
572 1574 750 1633 veteris,
787 1588 937 1619 verum
962 1571 1094 1617 etiam
1121 1569 1377 1632 praeceptio
1405 1569 1497 1615 sive
1519 1567 1792 1630 praefigura-

322 1656 388 1702 tio
418 1655 533 1700 falsa
565 1653 657 1712 rei,
707 1668 818 1715 quae
853 1651 1062 1709 affertur,
1117 1650 1249 1695 etiam
1282 1648 1385 1694 huic
1410 1647 1525 1694 malo
1551 1646 1792 1694 remedium

325 1733 621 1781 adhibendum
654 1737 747 1791 est,
804 1738 935 1793 atque
965 1746 1087 1775 mens
1110 1745 1194 1775 non
1214 1733 1382 1773 tantum
1417 1726 1681 1773 vindicanda
1713 1726 1792 1772 sed

325 1821 369 1861 et
389 1811 713 1877 praeparanda.
763 1809 835 1856 Ea
862 1807 1235 1873 praeparatio
1264 1806 1377 1852 nihil
1400 1806 1519 1852 aliud
1541 1812 1625 1866 est,
1663 1822 1790 1869 quam

324 1903 372 1941 ut
389 1909 515 1940 verae
536 1892 783 1938 habeantur
796 1890 848 1936 de
864 1906 916 1936 eo
938 1887 1053 1952 quod
1070 1886 1327 1933 adducimus
1342 1885 1591 1948 opiniones,
1606 1885 1658 1932 ad
1675 1893 1791 1932 tem-

323 1990 407 2037 pus
429 1970 729 2019 tantummodo
750 1977 794 2016 et
815 1975 1036 2031 tamquam
1054 1967 1301 2025 usurariae,
1324 1964 1465 2012 donec
1485 1981 1556 2011 res
1571 1965 1668 2028 ipsa
1684 1981 1791 2028 per-

323 2057 551 2099 noscatur.
587 2050 736 2113 Atque
762 2049 848 2094 hoc
869 2048 915 2093 in
932 2064 983 2094 eo
1000 2047 1092 2093 fere
1108 2046 1238 2093 situm
1262 2050 1345 2104 est,
1365 2050 1411 2090 ut
1432 2060 1596 2107 pravae
1618 2050 1661 2091 et
1675 2044 1790 2090 sini-

325 2137 443 2177 strae
467 2129 763 2192 suspiciones,
779 2127 931 2191 quales
956 2143 1011 2173 ex
1024 2125 1391 2190 praenotionibus
1414 2123 1626 2186 receptis,
1654 2123 1790 2170 veluti

324 2226 382 2256 ex
393 2215 490 2256 atra
501 2209 590 2255 bile
604 2208 789 2272 quadam
803 2206 1245 2271 epide111ica,mentes
1257 2203 1481 2250 hominum
1492 2202 1716 2248 subituras
1730 2202 1790 2248 ia-

324 2289 410 2336 cile
424 2287 706 2352 conjicimus,
719 2292 955 2333 arceantur
970 2292 1101 2348 atque
1112 2284 1471 2347 intercipiantur,
1485 2280 1602 2345 quod
1615 2281 1676 2328 ait
1689 2281 1790 2328 ille:

537 2393 605 2401 —-
705 2394 773 2400 —-
876 2391 943 2399 —
1047 2393 1115 2399 -—
1213 2390 1281 2399 -—
1383 2379 1446 2409 ne
1482 2379 1584 2426 qua

478 2445 739 2493 Occurrat
762 2444 942 2507 facies
967 2444 1198 2498 mimica,
1237 2451 1395 2507 atque
1413 2441 1584 2488 ommia
1597 2441 1786 2487 turbet.

422 2524 577 2571 Primo
604 2525 768 2586 igitur,
805 2525 843 2569 si
864 2523 961 2586 quis
981 2523 1045 2569 ita
1068 2523 1258 2585 cogitet:
1296 2521 1473 2568 occulta
1498 2524 1683 2566 naturae
1711 2534 1788 2563 ve-

321 2603 405 2649 luti
425 2603 552 2665 signo
575 2603 723 2648 divino
746 2603 899 2648 clausa
914 2617 1117 2661 manere,
1156 2611 1286 2663 atque
1312 2601 1366 2646 ab
1392 2599 1583 2645 humana
1605 2596 1788 2659 sapien-

321 2682 386 2728 tia
406 2680 646 2728 interdicto
678 2681 866 2744 quodam
891 2681 1120 2744 separari3
1161 2679 1419 2726 dabimus
1456 2690 1701 2740 operam,
1741 2681 1786 2721 ut

322 2761 434 2808 haec
458 2761 609 2825 opinio
629 2760 803 2806 infirma
828 2766 959 2823 atque
978 2759 1127 2806 invida
1149 2760 1356 2812 tollatur,
1391 2771 1532 2820 eoque
1554 2770 1645 2801 rem
1681 2771 1787 2818 per-

322 2841 562 2901 ducemus,
619 2840 815 2903 simplici
860 2839 1036 2885 veritati
1069 2839 1198 2897 freti,
1256 2844 1302 2882 ut
1335 2851 1422 2881 nou
1449 2835 1590 2880 solum
1617 2851 1671 2881 ne
1702 2850 1787 2897 qua

316 2919 507 2965 oblatret
537 2919 821 2981 superstitio,
862 2935 1007 2966 verum
1043 2917 1175 2965 etiam
1203 2923 1250 2962 ut
1273 2914 1432 2978 religio
1454 2914 1498 2960 in
1528 2921 1679 2978 partes
1702 2930 1788 2961 no-
