2031 3490
567 273 834 321 NOVUM
892 273 1263 319 ORGANUM.
1577 269 1672 318 125

190 416 326 448 usus
360 404 552 463 putet,
583 397 733 445 idem
771 396 1027 457 cogitet,
1066 410 1131 441 ac
1168 393 1218 439 si
1255 393 1471 439 nullum
1505 394 1674 441 etiam

190 476 421 526 LUCIS
459 494 583 526 esse
619 491 775 522 usum
813 478 1073 534 censeat,
1123 473 1259 536 quia
1305 488 1396 519 res
1435 472 1675 521 scilicet

193 557 385 605 solida
430 563 523 604 aut
571 554 886 602 materiata
936 569 1042 600 non
1090 552 1187 599 sit.
1270 552 1422 616 Atque
1466 568 1515 599 re
1570 569 1674 600 vera

192 637 428 685 dicendum
472 640 566 696 est,
603 633 873 698 simplicium
918 639 1179 679 naturarum
1217 631 1520 694 cognitionem
1562 632 1675 680 bene

193 716 491 763 examinatam
525 719 570 761 et
598 713 853 773 definitam,
891 713 1034 759 instar
1055 711 1170 758 lucis
1194 728 1319 769 055ος
1352 727 1464 774 quae
1490 711 1545 758 ad
1572 713 1676 759 uni-

191 811 322 842 versa
359 811 541 859 operum
576 794 827 859 penetralia
861 792 1027 839 aditum
1061 791 1264 855 praebet,
1302 796 1435 854 atque
1464 797 1559 838 tota
1591 808 1677 855 ag-

190 874 312 921 mina
353 891 537 939 operum
580 880 625 922 et
661 880 857 932 turmas,
895 879 939 920 et
980 872 1255 919 axiomatum
1294 871 1678 919 nobilissimorum

190 953 368 1014 fonteS,
403 959 624 1018 potestate
656 952 844 1016 quadam
884 951 1201 1014 complectitur
1229 956 1274 997 et
1307 957 1408 1014 post
1441 967 1489 998 se
1521 951 1676 1012 trabit,

191 1031 238 1078 in
261 1048 311 1079 se
341 1038 488 1080 tamen
514 1049 603 1080 non
636 1032 701 1079 ita
730 1031 879 1094 magni
915 1046 1022 1077 usus
1051 1034 1135 1076 est.
1207 1027 1331 1088 Quin
1365 1036 1410 1076 et
1444 1030 1678 1077 literarum

190 1111 414 1159 elementa
443 1129 525 1177 per
550 1129 598 1160 se
620 1117 665 1160 et
685 1111 925 1175 separatim
958 1109 1070 1156 nihil
1102 1107 1386 1170 significant,
1423 1125 1505 1156 nec
1530 1110 1679 1157 alicu-

189 1189 264 1254 jus
284 1207 391 1239 usus
418 1199 549 1254 sunt,
586 1192 667 1240 sed
697 1198 846 1240 tamen
871 1189 927 1236 ad
958 1188 1102 1236 omnis
1134 1187 1353 1235 sermonis
1383 1188 1680 1253 compositio-

192 1286 293 1317 nem
318 1277 362 1318 et
391 1278 672 1336 apparatum,
708 1272 853 1318 instar
886 1268 1098 1317 materiae
1132 1267 1305 1331 primae
1331 1273 1452 1314 sunt.
1523 1267 1676 1315 Etiam

193 1349 363 1396 semina
389 1367 553 1412 rerum,
605 1356 828 1416 potestate
879 1348 1054 1409 valida,
1093 1364 1202 1408 usu,
1239 1346 1328 1393 nisi
1371 1347 1417 1393 in
1460 1363 1678 1411 processu

193 1444 292 1489 suo,
332 1430 460 1475 nihili
491 1437 610 1478 sunt.
676 1432 827 1494 Atque
856 1429 972 1476 lucis
1006 1428 1150 1492 ipsius
1191 1425 1307 1472 radii
1341 1425 1551 1490 dispersi,
1589 1427 1678 1474 nisi

193 1512 379 1570 cocant,
419 1510 680 1557 beneficium
725 1526 851 1556 suum
892 1525 982 1555 non
1018 1507 1355 1571 impertiuntur.

299 1588 457 1648 Quod
512 1589 560 1635 si
614 1590 743 1653 quis
787 1587 1235 1636 subtilitatibus
1282 1585 1676 1650 speculativis

193 1667 564 1727 offendatur3
602 1668 735 1733 quid
784 1668 847 1716 de
883 1666 1269 1715 scholasticis
1304 1665 1450 1712 viris
1487 1665 1679 1713 dicen-

193 1747 313 1794 dnm
352 1749 486 1809 erit,
515 1748 608 1812 qui
636 1748 1088 1796 subtilitatibus
1121 1747 1453 1792 immensum
1486 1745 1678 1792 indul-

193 1827 436 1875 serunt?
499 1828 626 1888 Quae
661 1834 807 1875 tamen
838 1827 1112 1874 subtilitates
1134 1826 1179 1872 in
1206 1825 1380 1885 verbis,
1418 1830 1495 1871 aut
1517 1826 1676 1872 saltem

194 1908 454 1971 vulgaribus
491 1908 774 1968 notionibus,
829 1906 944 1970 quod
988 1905 1251 1953 tantundem
1304 1905 1446 1965 valet,
1498 1921 1587 1952 non
1629 1906 1677 1951 in

193 1987 328 2033 rebus
364 1994 440 2034 aut
471 1994 630 2035 natura
661 1995 919 2034 consumtae
954 1986 1162 2045 fuerunt,
1200 1990 1332 2048 atque
1357 1985 1566 2032 utilitatis
1591 2002 1677 2032 ex-

195 2071 343 2129 pertes
377 2072 521 2127 erant,
558 2084 647 2114 non
678 2072 849 2114 tantum
882 2067 929 2112 in
963 2066 1168 2129 origine,
1203 2064 1282 2112 sed
1315 2065 1450 2111 etiam
1484 2065 1530 2110 in
1563 2081 1678 2112 con-

192 2146 464 2209 sequentiis3
508 2147 623 2195 tales
683 2152 830 2194 autem
876 2163 965 2193 non
1011 2146 1220 2205 fuerunt,
1266 2150 1313 2190 ut
1362 2143 1579 2191 haberent
1620 2145 1676 2190 in

194 2241 480 2288 praesens
527 2225 848 2272 utilitatem
891 2226 1136 2284 nullam,
1188 2224 1284 2271 sed
1332 2241 1430 2288 per
1476 2240 1677 2271 conse-

196 2321 369 2366 quens
399 2304 731 2365 infinitam,
767 2305 920 2368 quales
942 2311 1046 2352 sunt
1069 2320 1148 2352 eae
1172 2305 1226 2351 de
1252 2304 1412 2367 quibus
1436 2304 1678 2367 loquimur.

299 2382 402 2430 Hoc
435 2399 537 2430 vero
567 2384 713 2431 sciant
749 2384 951 2432 homines
983 2401 1065 2448 pro
1091 2389 1244 2444 certo,
1282 2400 1456 2430 omnem
1493 2383 1679 2430 subtili-

195 2465 332 2509 tatem
357 2461 704 2527 disputationum
734 2470 779 2511 01
801 2464 1079 2512 discursuum
1115 2464 1300 2524 mentis,
1338 2464 1377 2511 si
1413 2461 1679 2509 adhibeatur

196 2545 368 2588 tantum
394 2548 495 2605 post
521 2543 748 2591 axiomata
781 2544 985 2605 inventa,
1022 2560 1167 2591 seram
1206 2560 1303 2590 esse
1339 2550 1383 2590 et
1410 2549 1679 2607 praeposte-

195 2636 315 2680 ram3
353 2627 398 2669 01
429 2623 692 2671 subtilitatis
718 2630 893 2688 tempus
926 2640 1073 2671 verum
1111 2639 1165 2670 ac
1189 2623 1446 2687 proprium,
1485 2628 1561 2669 ant
1581 2623 1677 2669 sal-

194 2705 284 2748 tem
326 2702 644 2766 praecipuum,
690 2703 857 2750 versari
902 2704 946 2750 in
987 2702 1254 2767 pensitanda
1296 2702 1579 2767 experientia
1632 2708 1678 2748 ct

196 2779 300 2828 inde
339 2782 664 2829 constituendis
703 2782 1021 2829 axiomatibus.
1091 2781 1210 2830 Nam
1250 2783 1332 2829 illa
1371 2783 1516 2829 altera
1566 2781 1678 2827 sub-

198 2858 366 2921 tilitas,
409 2868 671 2910 naturam
729 2867 970 2926 prensat
1015 2867 1071 2909 et
1117 2867 1349 2924 captat,
1398 2859 1496 2907 sed
1545 2876 1679 2907 nun-

200 2952 358 3000 quam
413 2940 811 3007 apprehendit
868 2946 963 2986 11111
1026 2939 1204 3002 capit.
1288 2937 1350 2986 Et
1401 2939 1678 2987 verissimum
