<?xml version="1.0" encoding="UTF-8"?>
<!DOCTYPE html PUBLIC "-//W3C//DTD XHTML 1.0 Transitional//EN"
    "http://www.w3.org/TR/xhtml1/DTD/xhtml1-transitional.dtd">
<html xmlns="http://www.w3.org/1999/xhtml" xml:lang="en" lang="en">
 <head>
  <title>
</title>
<meta http-equiv="Content-Type" content="text/html;charset=utf-8" />
  <meta name='ocr-system' content='tesseract 3.04.00' />
  <meta name='ocr-capabilities' content='ocr_page ocr_carea ocr_par ocr_line ocrx_word'/>
</head>
<body>
  <div class='ocr_page' id='page_1' title='image "./franciscibaconid01baco/franciscibaconid01baco_0069.png"; bbox 0 0 2064 3490; ppageno 0'>
   <div class='ocr_carea' id='block_1_1' title="bbox 567 282 1653 342">
    <p class='ocr_par' dir='ltr' id='par_1_1' title="bbox 567 282 1653 342">
     <span class='ocr_line' id='line_1_1' title="bbox 567 282 1653 342; baseline -0.015 0"><span class='ocrx_word' id='word_1_1' title='bbox 567 297 823 342; x_wconf 59' lang='lat' dir='ltr'>Novum</span> <span class='ocrx_word' id='word_1_2' title='bbox 886 292 1259 339; x_wconf 67' lang='lat' dir='ltr'>ORGANUM.</span> <span class='ocrx_word' id='word_1_3' title='bbox 1590 282 1653 327; x_wconf 52' lang='lat'>(³3</span> 
     </span>
    </p>
   </div>
   <div class='ocr_carea' id='block_1_2' title="bbox 171 409 1655 559">
    <p class='ocr_par' dir='ltr' id='par_1_2' title="bbox 171 409 1655 559">
     <span class='ocr_line' id='line_1_2' title="bbox 172 409 1655 490; baseline -0.013 -18"><span class='ocrx_word' id='word_1_4' title='bbox 172 426 275 490; x_wconf 84' lang='lat' dir='ltr'>quin</span> <span class='ocrx_word' id='word_1_5' title='bbox 301 424 390 471; x_wconf 85' lang='lat' dir='ltr'>sint</span> <span class='ocrx_word' id='word_1_6' title='bbox 412 422 528 469; x_wconf 83' lang='lat' dir='ltr'>aliae</span> <span class='ocrx_word' id='word_1_7' title='bbox 552 421 757 467; x_wconf 87' lang='lat' dir='ltr'>notiones</span> <span class='ocrx_word' id='word_1_8' title='bbox 781 417 882 463; x_wconf 84' lang='lat' dir='ltr'>aliis</span> <span class='ocrx_word' id='word_1_9' title='bbox 907 415 1041 479; x_wconf 89' lang='lat' dir='ltr'>paulo</span> <span class='ocrx_word' id='word_1_10' title='bbox 1074 413 1298 474; x_wconf 86' lang='lat' dir='ltr'>meliores,</span> <span class='ocrx_word' id='word_1_11' title='bbox 1330 415 1461 475; x_wconf 87' lang='lat' dir='ltr'>prout</span> <span class='ocrx_word' id='word_1_12' title='bbox 1482 409 1526 455; x_wconf 86' lang='lat' dir='ltr'>in</span> <span class='ocrx_word' id='word_1_13' title='bbox 1548 423 1655 455; x_wconf 87' lang='lat' dir='ltr'>sen-</span> 
     </span>
     <span class='ocr_line' id='line_1_3' title="bbox 171 495 1062 559; baseline -0.011 -7"><span class='ocrx_word' id='word_1_14' title='bbox 171 522 266 553; x_wconf 90' lang='lat' dir='ltr'>sum</span> <span class='ocrx_word' id='word_1_15' title='bbox 298 505 532 551; x_wconf 90' lang='lat' dir='ltr'>humanum</span> <span class='ocrx_word' id='word_1_16' title='bbox 554 498 712 546; x_wconf 83' lang='lat' dir='ltr'>incidit</span> <span class='ocrx_word' id='word_1_17' title='bbox 734 513 882 544; x_wconf 88' lang='lat' dir='ltr'>rerum</span> <span class='ocrx_word' id='word_1_18' title='bbox 914 495 1062 559; x_wconf 87' lang='lat' dir='ltr'>copia.</span> 
     </span>
    </p>
   </div>
   <div class='ocr_carea' id='block_1_3' title="bbox 275 641 1659 819">
    <p class='ocr_par' dir='ltr' id='par_1_3' title="bbox 275 641 1659 819">
     <span class='ocr_line' id='line_1_4' title="bbox 840 641 980 690; baseline -0.014 0"><span class='ocrx_word' id='word_1_19' title='bbox 840 641 980 690; x_wconf 88' lang='lat' dir='ltr'><strong>LXI.</strong></span> 
     </span>
     <span class='ocr_line' id='line_1_5' title="bbox 275 760 1659 819; baseline -0.005 -8"><span class='ocrx_word' id='word_1_20' title='bbox 275 764 340 811; x_wconf 88' lang='lat' dir='ltr'>At</span> <span class='ocrx_word' id='word_1_21' title='bbox 382 760 636 810; x_wconf 86' lang='lat' dir='ltr'><strong>IDOLA</strong></span> <span class='ocrx_word' id='word_1_22' title='bbox 681 760 1043 814; x_wconf 72' lang='lat' dir='ltr'><strong>THEATRI</strong></span> <span class='ocrx_word' id='word_1_23' title='bbox 1080 760 1235 807; x_wconf 85' lang='lat' dir='ltr'>innata</span> <span class='ocrx_word' id='word_1_24' title='bbox 1278 775 1367 805; x_wconf 87' lang='lat' dir='ltr'>non</span> <span class='ocrx_word' id='word_1_25' title='bbox 1396 764 1528 819; x_wconf 90' lang='lat' dir='ltr'>sunt,</span> <span class='ocrx_word' id='word_1_26' title='bbox 1576 774 1659 805; x_wconf 90' lang='lat' dir='ltr'>nec</span> 
     </span>
    </p>
   </div>
   <div class='ocr_carea' id='block_1_4' title="bbox 176 837 1660 902">
    <p class='ocr_par' dir='ltr' id='par_1_4' title="bbox 176 837 1660 902">
     <span class='ocr_line' id='line_1_6' title="bbox 176 837 1660 902; baseline -0.005 -11"><span class='ocrx_word' id='word_1_27' title='bbox 176 844 354 891; x_wconf 90' lang='lat' dir='ltr'>occulto</span> <span class='ocrx_word' id='word_1_28' title='bbox 391 843 616 889; x_wconf 83' lang='lat' dir='ltr'>insinuata</span> <span class='ocrx_word' id='word_1_29' title='bbox 645 842 691 888; x_wconf 93' lang='lat' dir='ltr'>in</span> <span class='ocrx_word' id='word_1_30' title='bbox 726 843 1023 902; x_wconf 83' lang='lat' dir='ltr'>intellectum,</span> <span class='ocrx_word' id='word_1_31' title='bbox 1057 842 1134 889; x_wconf 85' lang='lat' dir='ltr'>sed</span> <span class='ocrx_word' id='word_1_32' title='bbox 1173 858 1240 889; x_wconf 75' lang='lat' dir='ltr'>ex</span> <span class='ocrx_word' id='word_1_33' title='bbox 1277 838 1498 886; x_wconf 86' lang='lat' dir='ltr'>fabulis</span> <span class='ocrx_word' id='word_1_34' title='bbox 1535 837 1660 884; x_wconf 89' lang='lat' dir='ltr'>the-</span> 
     </span>
    </p>
   </div>
   <div class='ocr_carea' id='block_1_5' title="bbox 175 916 1663 1066">
    <p class='ocr_par' dir='ltr' id='par_1_5' title="bbox 175 916 1663 1066">
     <span class='ocr_line' id='line_1_7' title="bbox 178 916 1663 985; baseline -0.006 -14"><span class='ocrx_word' id='word_1_35' title='bbox 178 924 433 971; x_wconf 88' lang='lat' dir='ltr'>oriarum</span> <span class='ocrx_word' id='word_1_36' title='bbox 478 928 534 970; x_wconf 92' lang='lat' dir='ltr'>et</span> <span class='ocrx_word' id='word_1_37' title='bbox 585 922 886 985; x_wconf 88' lang='lat' dir='ltr'>perversis</span> <span class='ocrx_word' id='word_1_38' title='bbox 941 922 1171 984; x_wconf 82' lang='lat' dir='ltr'>legibus</span> <span class='ocrx_word' id='word_1_39' title='bbox 1212 916 1663 968; x_wconf 88' lang='lat' dir='ltr'>demonstratio-</span> 
     </span>
     <span class='ocr_line' id='line_1_8' title="bbox 175 1002 959 1066; baseline -0.004 -16"><span class='ocrx_word' id='word_1_40' title='bbox 175 1020 299 1050; x_wconf 87' lang='lat' dir='ltr'>num</span> <span class='ocrx_word' id='word_1_41' title='bbox 334 1003 469 1066; x_wconf 88' lang='lat' dir='ltr'>plane</span> <span class='ocrx_word' id='word_1_42' title='bbox 501 1002 645 1048; x_wconf 88' lang='lat' dir='ltr'>indita</span> <span class='ocrx_word' id='word_1_43' title='bbox 682 1006 727 1049; x_wconf 92' lang='lat' dir='ltr'>et</span> <span class='ocrx_word' id='word_1_44' title='bbox 760 1006 959 1065; x_wconf 87' lang='lat' dir='ltr'>recepta.</span> 
     </span>
    </p>
   </div>
   <div class='ocr_carea' id='block_1_6' title="bbox 124 1101 1668 1727">
    <p class='ocr_par' dir='ltr' id='par_1_6' title="bbox 124 1101 1668 1727">
     <span class='ocr_line' id='line_1_9' title="bbox 279 1101 1662 1167; baseline -0.003 -16"><span class='ocrx_word' id='word_1_45' title='bbox 279 1104 333 1151; x_wconf 92' lang='lat' dir='ltr'>In</span> <span class='ocrx_word' id='word_1_46' title='bbox 359 1105 429 1152; x_wconf 90' lang='lat' dir='ltr'>his</span> <span class='ocrx_word' id='word_1_47' title='bbox 453 1110 618 1167; x_wconf 88' lang='lat' dir='ltr'>autem,</span> <span class='ocrx_word' id='word_1_48' title='bbox 643 1103 973 1152; x_wconf 76' lang='lat' dir='ltr'>confutationes</span> <span class='ocrx_word' id='word_1_49' title='bbox 996 1107 1171 1150; x_wconf 85' lang='lat' dir='ltr'>tentare</span> <span class='ocrx_word' id='word_1_50' title='bbox 1206 1107 1250 1149; x_wconf 92' lang='lat' dir='ltr'>et</span> <span class='ocrx_word' id='word_1_51' title='bbox 1269 1101 1517 1165; x_wconf 76' lang='lat' dir='ltr'>suscipere,</span> <span class='ocrx_word' id='word_1_52' title='bbox 1549 1117 1662 1148; x_wconf 90' lang='lat' dir='ltr'>con-</span> 
     </span>
     <span class='ocr_line' id='line_1_10' title="bbox 178 1181 1664 1250; baseline -0.001 -20"><span class='ocrx_word' id='word_1_53' title='bbox 178 1189 439 1232; x_wconf 85' lang='lat' dir='ltr'>sentaneum</span> <span class='ocrx_word' id='word_1_54' title='bbox 473 1203 660 1250; x_wconf 83' lang='lat' dir='ltr'>prorsus</span> <span class='ocrx_word' id='word_1_55' title='bbox 698 1202 786 1232; x_wconf 86' lang='lat' dir='ltr'>non</span> <span class='ocrx_word' id='word_1_56' title='bbox 821 1189 888 1232; x_wconf 93' lang='lat' dir='ltr'>est</span> <span class='ocrx_word' id='word_1_57' title='bbox 911 1183 1022 1244; x_wconf 87' lang='lat' dir='ltr'>illis,</span> <span class='ocrx_word' id='word_1_58' title='bbox 1060 1199 1173 1247; x_wconf 85' lang='lat' dir='ltr'>quae</span> <span class='ocrx_word' id='word_1_59' title='bbox 1197 1199 1222 1229; x_wconf 90' lang='lat' dir='ltr'>a</span> <span class='ocrx_word' id='word_1_60' title='bbox 1246 1181 1376 1229; x_wconf 86' lang='lat' dir='ltr'>nobis</span> <span class='ocrx_word' id='word_1_61' title='bbox 1401 1181 1522 1228; x_wconf 90' lang='lat' dir='ltr'>dicta</span> <span class='ocrx_word' id='word_1_62' title='bbox 1543 1187 1664 1229; x_wconf 87' lang='lat' dir='ltr'>sunt.</span> 
     </span>
     <span class='ocr_line' id='line_1_11' title="bbox 181 1261 1666 1329; baseline -0.003 -18"><span class='ocrx_word' id='word_1_63' title='bbox 181 1263 327 1324; x_wconf 73' lang='lat' dir='ltr'>Quum</span> <span class='ocrx_word' id='word_1_64' title='bbox 351 1265 468 1312; x_wconf 88' lang='lat' dir='ltr'>enim</span> <span class='ocrx_word' id='word_1_65' title='bbox 491 1282 575 1313; x_wconf 88' lang='lat' dir='ltr'>nec</span> <span class='ocrx_word' id='word_1_66' title='bbox 596 1265 649 1313; x_wconf 91' lang='lat' dir='ltr'>de</span> <span class='ocrx_word' id='word_1_67' title='bbox 674 1265 911 1329; x_wconf 80' lang='lat' dir='ltr'>principiis</span> <span class='ocrx_word' id='word_1_68' title='bbox 935 1264 1265 1311; x_wconf 81' lang='lat' dir='ltr'>consentiamus</span> <span class='ocrx_word' id='word_1_69' title='bbox 1285 1278 1369 1309; x_wconf 88' lang='lat' dir='ltr'>nec</span> <span class='ocrx_word' id='word_1_70' title='bbox 1402 1261 1455 1308; x_wconf 90' lang='lat' dir='ltr'>de</span> <span class='ocrx_word' id='word_1_71' title='bbox 1478 1261 1666 1308; x_wconf 88' lang='grc'><strong>(16111011-</strong></span> 
     </span>
     <span class='ocr_line' id='line_1_12' title="bbox 179 1340 1663 1407; baseline -0.003 -15"><span class='ocrx_word' id='word_1_72' title='bbox 179 1345 490 1406; x_wconf 87' lang='lat' dir='ltr'>strationibus,</span> <span class='ocrx_word' id='word_1_73' title='bbox 523 1345 701 1392; x_wconf 88' lang='lat' dir='ltr'>tollitur</span> <span class='ocrx_word' id='word_1_74' title='bbox 733 1345 877 1392; x_wconf 90' lang='lat' dir='ltr'>omnis</span> <span class='ocrx_word' id='word_1_75' title='bbox 911 1343 1258 1407; x_wconf 80' lang='lat' dir='ltr'>argumentatio.</span> <span class='ocrx_word' id='word_1_76' title='bbox 1327 1340 1383 1388; x_wconf 89' lang='lat' dir='ltr'>Id</span> <span class='ocrx_word' id='word_1_77' title='bbox 1420 1358 1524 1388; x_wconf 85' lang='lat' dir='ltr'>vero</span> <span class='ocrx_word' id='word_1_78' title='bbox 1547 1342 1663 1389; x_wconf 88' lang='lat' dir='ltr'>hono</span> 
     </span>
     <span class='ocr_line' id='line_1_13' title="bbox 181 1421 1664 1490; baseline -0.001 -19"><span class='ocrx_word' id='word_1_79' title='bbox 181 1424 231 1472; x_wconf 89' lang='lat' dir='ltr'>fit</span> <span class='ocrx_word' id='word_1_80' title='bbox 251 1425 362 1486; x_wconf 85' lang='lat' dir='ltr'>fato,</span> <span class='ocrx_word' id='word_1_81' title='bbox 399 1430 448 1473; x_wconf 91' lang='lat' dir='ltr'>ut</span> <span class='ocrx_word' id='word_1_82' title='bbox 478 1425 673 1490; x_wconf 86' lang='lat' dir='ltr'>antiquis</span> <span class='ocrx_word' id='word_1_83' title='bbox 707 1442 813 1472; x_wconf 89' lang='lat' dir='ltr'>suus</span> <span class='ocrx_word' id='word_1_84' title='bbox 844 1430 1019 1472; x_wconf 89' lang='lat' dir='ltr'>constet</span> <span class='ocrx_word' id='word_1_85' title='bbox 1051 1424 1211 1471; x_wconf 87' lang='lat' dir='ltr'>honos.</span> <span class='ocrx_word' id='word_1_86' title='bbox 1280 1421 1411 1470; x_wconf 86' lang='lat' dir='ltr'>Nihil</span> <span class='ocrx_word' id='word_1_87' title='bbox 1432 1422 1550 1470; x_wconf 86' lang='lat' dir='ltr'>enim</span> <span class='ocrx_word' id='word_1_88' title='bbox 1569 1422 1664 1469; x_wconf 89' lang='lat' dir='ltr'>illis</span> 
     </span>
     <span class='ocr_line' id='line_1_14' title="bbox 181 1502 1666 1569; baseline 0 -18"><span class='ocrx_word' id='word_1_89' title='bbox 181 1504 450 1566; x_wconf 79' lang='lat' dir='ltr'>detrahitur,</span> <span class='ocrx_word' id='word_1_90' title='bbox 489 1522 619 1569; x_wconf 88' lang='lat' dir='ltr'>quum</span> <span class='ocrx_word' id='word_1_91' title='bbox 643 1505 708 1551; x_wconf 89' lang='lat' dir='ltr'>de</span> <span class='ocrx_word' id='word_1_92' title='bbox 744 1505 832 1551; x_wconf 82' lang='lat' dir='ltr'>via</span> <span class='ocrx_word' id='word_1_93' title='bbox 864 1504 1044 1552; x_wconf 86' lang='lat' dir='ltr'>omnino</span> <span class='ocrx_word' id='word_1_94' title='bbox 1065 1502 1267 1567; x_wconf 87' lang='lat' dir='ltr'>quaestio</span> <span class='ocrx_word' id='word_1_95' title='bbox 1289 1502 1364 1549; x_wconf 89' lang='lat' dir='ltr'>sit.</span> <span class='ocrx_word' id='word_1_96' title='bbox 1440 1503 1666 1552; x_wconf 80' lang='lat' dir='ltr'>Claudus</span> 
     </span>
     <span class='ocr_line' id='line_1_15' title="bbox 124 1584 1668 1646; baseline -0.001 -13"><span class='ocrx_word' id='word_1_97' title='bbox 124 1598 128 1600; x_wconf 75' lang='grc'>’</span> <span class='ocrx_word' id='word_1_98' title='bbox 184 1584 320 1646; x_wconf 87' lang='grc'><strong>6111111,</strong></span> <span class='ocrx_word' id='word_1_99' title='bbox 356 1590 406 1632; x_wconf 87' lang='grc'>111</span> <span class='ocrx_word' id='word_1_100' title='bbox 434 1585 616 1645; x_wconf 89' lang='lat' dir='ltr'>dicitur,</span> <span class='ocrx_word' id='word_1_101' title='bbox 653 1586 709 1633; x_wconf 71' lang='lat' dir='ltr'>in</span> <span class='ocrx_word' id='word_1_102' title='bbox 735 1585 846 1645; x_wconf 67' lang='lat' dir='ltr'>via,</span> <span class='ocrx_word' id='word_1_103' title='bbox 883 1585 1175 1633; x_wconf 63' lang='lat' dir='ltr'>antevertit</span> <span class='ocrx_word' id='word_1_104' title='bbox 1206 1601 1474 1633; x_wconf 74' lang='lat' dir='ltr'>cursorem</span> <span class='ocrx_word' id='word_1_105' title='bbox 1504 1591 1668 1632; x_wconf 60' lang='lat' dir='ltr'>eastra</span> 
     </span>
     <span class='ocr_line' id='line_1_16' title="bbox 182 1663 1667 1727; baseline -0.002 -13"><span class='ocrx_word' id='word_1_106' title='bbox 182 1666 334 1714; x_wconf 67' lang='lat' dir='ltr'>viam.</span> <span class='ocrx_word' id='word_1_107' title='bbox 393 1663 548 1712; x_wconf 89' lang='lat' dir='ltr'>Etiam</span> <span class='ocrx_word' id='word_1_108' title='bbox 576 1664 690 1710; x_wconf 83' lang='lat' dir='ltr'>illud</span> <span class='ocrx_word' id='word_1_109' title='bbox 712 1665 949 1711; x_wconf 84' lang='lat' dir='ltr'>manifesto</span> <span class='ocrx_word' id='word_1_110' title='bbox 970 1663 1131 1727; x_wconf 88' lang='lat' dir='ltr'>liquet,</span> <span class='ocrx_word' id='word_1_111' title='bbox 1157 1665 1357 1719; x_wconf 88' lang='lat' dir='ltr'>currenti</span> <span class='ocrx_word' id='word_1_112' title='bbox 1380 1670 1510 1711; x_wconf 82' lang='lat' dir='ltr'>extra</span> <span class='ocrx_word' id='word_1_113' title='bbox 1533 1665 1667 1725; x_wconf 89' lang='lat' dir='ltr'>viam,</span> 
     </span>
    </p>
   </div>
   <div class='ocr_carea' id='block_1_7' title="bbox 184 1744 1670 1874">
    <p class='ocr_par' dir='ltr' id='par_1_7' title="bbox 184 1744 1670 1874">
     <span class='ocr_line' id='line_1_17' title="bbox 186 1744 1670 1811; baseline -0.001 -18"><span class='ocrx_word' id='word_1_114' title='bbox 186 1763 273 1811; x_wconf 89' lang='grc'><strong>(1110</strong></span> <span class='ocrx_word' id='word_1_115' title='bbox 298 1745 496 1792; x_wconf 84' lang='lat' dir='ltr'>habilior</span> <span class='ocrx_word' id='word_1_116' title='bbox 522 1745 581 1792; x_wconf 89' lang='lat' dir='ltr'>sit</span> <span class='ocrx_word' id='word_1_117' title='bbox 603 1749 647 1792; x_wconf 91' lang='lat' dir='ltr'>et</span> <span class='ocrx_word' id='word_1_118' title='bbox 671 1744 887 1805; x_wconf 86' lang='lat' dir='ltr'>velocior,</span> <span class='ocrx_word' id='word_1_119' title='bbox 925 1761 978 1792; x_wconf 88' lang='lat' dir='ltr'>eo</span> <span class='ocrx_word' id='word_1_120' title='bbox 1006 1744 1221 1808; x_wconf 85' lang='lat' dir='ltr'>majorem</span> <span class='ocrx_word' id='word_1_121' title='bbox 1249 1744 1512 1808; x_wconf 82' lang='lat' dir='ltr'>contingere</span> <span class='ocrx_word' id='word_1_122' title='bbox 1534 1745 1670 1792; x_wconf 90' lang='lat' dir='ltr'>aber-</span> 
     </span>
     <span class='ocr_line' id='line_1_18' title="bbox 184 1825 421 1874; baseline -0.004 -1"><span class='ocrx_word' id='word_1_123' title='bbox 184 1825 421 1874; x_wconf 89' lang='lat' dir='ltr'>rationem.</span> 
     </span>
    </p>
   </div>
   <div class='ocr_carea' id='block_1_8' title="bbox 187 1927 1679 3049">
    <p class='ocr_par' dir='ltr' id='par_1_8' title="bbox 187 1927 1679 3049">
     <span class='ocr_line' id='line_1_19' title="bbox 289 1927 1671 1978; baseline -0.001 -1"><span class='ocrx_word' id='word_1_124' title='bbox 289 1927 514 1977; x_wconf 88' lang='lat' dir='ltr'>Nostra</span> <span class='ocrx_word' id='word_1_125' title='bbox 559 1945 697 1977; x_wconf 90' lang='lat' dir='ltr'>vero</span> <span class='ocrx_word' id='word_1_126' title='bbox 746 1929 1090 1977; x_wconf 84' lang='lat' dir='ltr'>inveniendi</span> <span class='ocrx_word' id='word_1_127' title='bbox 1141 1929 1430 1978; x_wconf 77' lang='lat' dir='ltr'>scientias</span> <span class='ocrx_word' id='word_1_128' title='bbox 1477 1946 1544 1978; x_wconf 89' lang='lat' dir='ltr'>ea</span> <span class='ocrx_word' id='word_1_129' title='bbox 1580 1934 1671 1977; x_wconf 87' lang='lat' dir='ltr'>est</span> 
     </span>
     <span class='ocr_line' id='line_1_20' title="bbox 187 2010 1672 2074; baseline -0.001 -16"><span class='ocrx_word' id='word_1_130' title='bbox 187 2010 307 2058; x_wconf 88' lang='lat' dir='ltr'>rati</span> <span class='ocrx_word' id='word_1_131' title='bbox 325 2027 350 2058; x_wconf 94' lang='grc'><strong>0</strong></span> <span class='ocrx_word' id='word_1_132' title='bbox 364 2045 380 2072; x_wconf 87' lang='grc'>,</span> <span class='ocrx_word' id='word_1_133' title='bbox 421 2017 483 2057; x_wconf 86' lang='grc'>111</span> <span class='ocrx_word' id='word_1_134' title='bbox 529 2026 618 2057; x_wconf 91' lang='lat' dir='ltr'>non</span> <span class='ocrx_word' id='word_1_135' title='bbox 655 2010 840 2057; x_wconf 90' lang='lat' dir='ltr'>multum</span> <span class='ocrx_word' id='word_1_136' title='bbox 883 2011 1164 2074; x_wconf 81' lang='lat' dir='ltr'>ingeniorum</span> <span class='ocrx_word' id='word_1_137' title='bbox 1206 2010 1401 2058; x_wconf 82' lang='lat' dir='ltr'>acumini</span> <span class='ocrx_word' id='word_1_138' title='bbox 1442 2015 1487 2058; x_wconf 93' lang='lat' dir='ltr'>et</span> <span class='ocrx_word' id='word_1_139' title='bbox 1519 2010 1672 2057; x_wconf 87' lang='lat' dir='ltr'>robori</span> 
     </span>
     <span class='ocr_line' id='line_1_21' title="bbox 189 2089 1672 2155; baseline -0.001 -17"><span class='ocrx_word' id='word_1_140' title='bbox 189 2091 488 2155; x_wconf 84' lang='lat' dir='ltr'>relinquatur,</span> <span class='ocrx_word' id='word_1_141' title='bbox 521 2089 598 2137; x_wconf 89' lang='lat' dir='ltr'>sed</span> <span class='ocrx_word' id='word_1_142' title='bbox 639 2105 752 2154; x_wconf 88' lang='lat' dir='ltr'>quae</span> <span class='ocrx_word' id='word_1_143' title='bbox 788 2090 1028 2154; x_wconf 83' lang='lat' dir='ltr'>ingenia</span> <span class='ocrx_word' id='word_1_144' title='bbox 1062 2096 1116 2138; x_wconf 90' lang='lat' dir='ltr'>et</span> <span class='ocrx_word' id='word_1_145' title='bbox 1151 2091 1509 2138; x_wconf 89' lang='lat' dir='ltr'>intellectus</span> <span class='ocrx_word' id='word_1_146' title='bbox 1544 2089 1672 2137; x_wconf 88' lang='lat' dir='ltr'>fere</span> 
     </span>
     <span class='ocr_line' id='line_1_22' title="bbox 190 2169 1674 2234; baseline -0.002 -15"><span class='ocrx_word' id='word_1_147' title='bbox 190 2174 495 2234; x_wconf 82' lang='lat' dir='ltr'>exaequet.</span> <span class='ocrx_word' id='word_1_148' title='bbox 540 2169 924 2229; x_wconf 69' lang='lat' dir='ltr'>Quemadmodum</span> <span class='ocrx_word' id='word_1_149' title='bbox 948 2172 1065 2218; x_wconf 88' lang='lat' dir='ltr'>enim</span> <span class='ocrx_word' id='word_1_150' title='bbox 1101 2170 1156 2217; x_wconf 90' lang='lat' dir='ltr'>ad</span> <span class='ocrx_word' id='word_1_151' title='bbox 1186 2170 1291 2230; x_wconf 89' lang='lat' dir='ltr'>hoe,</span> <span class='ocrx_word' id='word_1_152' title='bbox 1325 2175 1375 2216; x_wconf 91' lang='lat' dir='ltr'>ut</span> <span class='ocrx_word' id='word_1_153' title='bbox 1402 2170 1524 2217; x_wconf 89' lang='lat' dir='ltr'>linea</span> <span class='ocrx_word' id='word_1_154' title='bbox 1546 2175 1674 2217; x_wconf 88' lang='lat' dir='ltr'>recta</span> 
     </span>
     <span class='ocr_line' id='line_1_23' title="bbox 188 2249 1675 2314; baseline -0.001 -16"><span class='ocrx_word' id='word_1_155' title='bbox 188 2250 284 2312; x_wconf 84' lang='lat' dir='ltr'>fiat,</span> <span class='ocrx_word' id='word_1_156' title='bbox 315 2254 391 2297; x_wconf 91' lang='lat' dir='ltr'>aut</span> <span class='ocrx_word' id='word_1_157' title='bbox 412 2250 609 2297; x_wconf 88' lang='lat' dir='ltr'>circulus</span> <span class='ocrx_word' id='word_1_158' title='bbox 633 2250 860 2314; x_wconf 84' lang='lat' dir='ltr'>perfectus</span> <span class='ocrx_word' id='word_1_159' title='bbox 885 2251 1182 2311; x_wconf 83' lang='lat' dir='ltr'>describatur,</span> <span class='ocrx_word' id='word_1_160' title='bbox 1206 2250 1392 2297; x_wconf 87' lang='lat' dir='ltr'>multum</span> <span class='ocrx_word' id='word_1_161' title='bbox 1416 2254 1485 2297; x_wconf 88' lang='lat' dir='ltr'>est</span> <span class='ocrx_word' id='word_1_162' title='bbox 1506 2249 1552 2296; x_wconf 91' lang='lat' dir='ltr'>in</span> <span class='ocrx_word' id='word_1_163' title='bbox 1568 2266 1675 2297; x_wconf 90' lang='lat' dir='ltr'>con-</span> 
     </span>
     <span class='ocr_line' id='line_1_24' title="bbox 191 2329 1675 2393; baseline -0.002 -15"><span class='ocrx_word' id='word_1_164' title='bbox 191 2330 358 2378; x_wconf 87' lang='lat' dir='ltr'>stantia</span> <span class='ocrx_word' id='word_1_165' title='bbox 387 2335 432 2378; x_wconf 91' lang='lat' dir='ltr'>et</span> <span class='ocrx_word' id='word_1_166' title='bbox 458 2330 784 2378; x_wconf 82' lang='lat' dir='ltr'>exercitatione</span> <span class='ocrx_word' id='word_1_167' title='bbox 806 2346 978 2392; x_wconf 84' lang='lat' dir='ltr'>manus,</span> <span class='ocrx_word' id='word_1_168' title='bbox 1002 2332 1041 2378; x_wconf 90' lang='lat' dir='ltr'>si</span> <span class='ocrx_word' id='word_1_169' title='bbox 1063 2331 1141 2378; x_wconf 83' lang='lat' dir='ltr'>fiat</span> <span class='ocrx_word' id='word_1_170' title='bbox 1153 2347 1211 2378; x_wconf 78' lang='lat' dir='ltr'>ex</span> <span class='ocrx_word' id='word_1_171' title='bbox 1233 2331 1275 2376; x_wconf 91' lang='lat' dir='ltr'>vi</span> <span class='ocrx_word' id='word_1_172' title='bbox 1296 2346 1451 2377; x_wconf 89' lang='lat' dir='ltr'>manus</span> <span class='ocrx_word' id='word_1_173' title='bbox 1472 2329 1675 2393; x_wconf 86' lang='lat' dir='ltr'>propria,</span> 
     </span>
     <span class='ocr_line' id='line_1_25' title="bbox 193 2409 1676 2474; baseline 0 -18"><span class='ocrx_word' id='word_1_174' title='bbox 193 2410 262 2457; x_wconf 89' lang='lat' dir='ltr'>sin</span> <span class='ocrx_word' id='word_1_175' title='bbox 287 2415 434 2456; x_wconf 90' lang='lat' dir='ltr'>autem</span> <span class='ocrx_word' id='word_1_176' title='bbox 458 2409 724 2456; x_wconf 84' lang='lat' dir='ltr'>adhibeatur</span> <span class='ocrx_word' id='word_1_177' title='bbox 747 2411 905 2473; x_wconf 83' lang='lat' dir='ltr'>regula</span> <span class='ocrx_word' id='word_1_178' title='bbox 927 2417 1004 2458; x_wconf 87' lang='lat' dir='ltr'>aut</span> <span class='ocrx_word' id='word_1_179' title='bbox 1023 2411 1245 2470; x_wconf 84' lang='lat' dir='ltr'>circinus,</span> <span class='ocrx_word' id='word_1_180' title='bbox 1278 2426 1432 2474; x_wconf 89' lang='lat' dir='ltr'>parum</span> <span class='ocrx_word' id='word_1_181' title='bbox 1449 2444 1465 2470; x_wconf 94' lang='lat'>,</span> <span class='ocrx_word' id='word_1_182' title='bbox 1504 2415 1581 2457; x_wconf 89' lang='lat' dir='ltr'>aut</span> <span class='ocrx_word' id='word_1_183' title='bbox 1601 2410 1676 2456; x_wconf 91' lang='lat' dir='ltr'>ni-</span> 
     </span>
     <span class='ocr_line' id='line_1_26' title="bbox 193 2489 1677 2549; baseline 0.001 -13"><span class='ocrx_word' id='word_1_184' title='bbox 193 2489 285 2549; x_wconf 80' lang='lat' dir='ltr'>hil3</span> <span class='ocrx_word' id='word_1_185' title='bbox 323 2489 502 2537; x_wconf 91' lang='lat' dir='ltr'>omnino</span> <span class='ocrx_word' id='word_1_186' title='bbox 533 2489 694 2537; x_wconf 89' lang='lat' dir='ltr'>similis</span> <span class='ocrx_word' id='word_1_187' title='bbox 726 2495 794 2537; x_wconf 89' lang='lat' dir='ltr'>est</span> <span class='ocrx_word' id='word_1_188' title='bbox 821 2495 976 2538; x_wconf 87' lang='lat' dir='ltr'>nostra</span> <span class='ocrx_word' id='word_1_189' title='bbox 1015 2490 1150 2539; x_wconf 88' lang='lat' dir='ltr'>ratio.</span> <span class='ocrx_word' id='word_1_190' title='bbox 1220 2489 1358 2537; x_wconf 87' lang='lat' dir='ltr'>Licet</span> <span class='ocrx_word' id='word_1_191' title='bbox 1387 2495 1534 2538; x_wconf 85' lang='lat' dir='ltr'>autem</span> <span class='ocrx_word' id='word_1_192' title='bbox 1563 2506 1677 2537; x_wconf 92' lang='lat' dir='ltr'>con-</span> 
     </span>
     <span class='ocr_line' id='line_1_27' title="bbox 194 2569 1678 2635; baseline -0.001 -17"><span class='ocrx_word' id='word_1_193' title='bbox 194 2569 462 2618; x_wconf 85' lang='lat' dir='ltr'>futationum</span> <span class='ocrx_word' id='word_1_194' title='bbox 493 2569 834 2635; x_wconf 83' lang='lat' dir='ltr'>particularium</span> <span class='ocrx_word' id='word_1_195' title='bbox 857 2571 1009 2617; x_wconf 91' lang='lat' dir='ltr'>nullus</span> <span class='ocrx_word' id='word_1_196' title='bbox 1031 2571 1089 2618; x_wconf 91' lang='lat' dir='ltr'>sit</span> <span class='ocrx_word' id='word_1_197' title='bbox 1114 2587 1246 2631; x_wconf 90' lang='lat' dir='ltr'>usus,</span> <span class='ocrx_word' id='word_1_198' title='bbox 1277 2571 1302 2617; x_wconf 87' lang='lat' dir='ltr'>d</span> <span class='ocrx_word' id='word_1_199' title='bbox 1317 2588 1341 2619; x_wconf 93' lang='grc'><strong>6</strong></span> <span class='ocrx_word' id='word_1_200' title='bbox 1382 2571 1560 2619; x_wconf 88' lang='lat' dir='ltr'>sectis</span> <span class='ocrx_word' id='word_1_201' title='bbox 1593 2576 1678 2617; x_wconf 91' lang='lat' dir='ltr'>ta-</span> 
     </span>
     <span class='ocr_line' id='line_1_28' title="bbox 197 2651 1678 2717; baseline -0.001 -19"><span class='ocrx_word' id='word_1_202' title='bbox 197 2668 320 2699; x_wconf 89' lang='lat' dir='ltr'>men</span> <span class='ocrx_word' id='word_1_203' title='bbox 355 2656 409 2699; x_wconf 92' lang='lat' dir='ltr'>et</span> <span class='ocrx_word' id='word_1_204' title='bbox 441 2651 758 2715; x_wconf 86' lang='lat' dir='ltr'>generibus</span> <span class='ocrx_word' id='word_1_205' title='bbox 795 2651 1130 2717; x_wconf 88' lang='lat' dir='ltr'>hujusmodi</span> <span class='ocrx_word' id='word_1_206' title='bbox 1165 2651 1530 2700; x_wconf 90' lang='lat' dir='ltr'>theoriarum</span> <span class='ocrx_word' id='word_1_207' title='bbox 1561 2667 1678 2697; x_wconf 89' lang='lat' dir='ltr'>non-</span> 
     </span>
     <span class='ocr_line' id='line_1_29' title="bbox 198 2728 1678 2799; baseline -0.002 -21"><span class='ocrx_word' id='word_1_208' title='bbox 198 2732 313 2779; x_wconf 90' lang='lat' dir='ltr'>nihil</span> <span class='ocrx_word' id='word_1_209' title='bbox 333 2732 571 2781; x_wconf 91' lang='lat' dir='ltr'>dicendum</span> <span class='ocrx_word' id='word_1_210' title='bbox 589 2738 683 2794; x_wconf 87' lang='lat' dir='ltr'>est,</span> <span class='ocrx_word' id='word_1_211' title='bbox 719 2739 852 2797; x_wconf 86' lang='lat' dir='ltr'>atque</span> <span class='ocrx_word' id='word_1_212' title='bbox 886 2734 1021 2781; x_wconf 89' lang='lat' dir='ltr'>etiam</span> <span class='ocrx_word' id='word_1_213' title='bbox 1057 2734 1194 2799; x_wconf 89' lang='lat' dir='ltr'>paulo</span> <span class='ocrx_word' id='word_1_214' title='bbox 1218 2739 1352 2798; x_wconf 92' lang='lat' dir='ltr'>post,</span> <span class='ocrx_word' id='word_1_215' title='bbox 1388 2732 1451 2779; x_wconf 91' lang='grc'>(16</span> <span class='ocrx_word' id='word_1_216' title='bbox 1489 2728 1678 2792; x_wconf 82' lang='lat' dir='ltr'>signis</span> 
     </span>
     <span class='ocr_line' id='line_1_30' title="bbox 201 2816 1679 2882; baseline -0.005 -20"><span class='ocrx_word' id='word_1_217' title='bbox 201 2816 630 2879; x_wconf 84' lang='lat' dir='ltr'>exterioribuS,</span> <span class='ocrx_word' id='word_1_218' title='bbox 683 2816 800 2882; x_wconf 88' lang='lat' dir='ltr'>quod</span> <span class='ocrx_word' id='word_1_219' title='bbox 842 2833 888 2864; x_wconf 91' lang='lat' dir='ltr'>se</span> <span class='ocrx_word' id='word_1_220' title='bbox 919 2818 1034 2864; x_wconf 87' lang='lat' dir='ltr'>male</span> <span class='ocrx_word' id='word_1_221' title='bbox 1074 2817 1271 2864; x_wconf 88' lang='lat' dir='ltr'>habeant</span> <span class='ocrx_word' id='word_1_222' title='bbox 1290 2849 1306 2876; x_wconf 94' lang='lat'>,</span> <span class='ocrx_word' id='word_1_223' title='bbox 1357 2819 1401 2861; x_wconf 93' lang='lat' dir='ltr'>et</span> <span class='ocrx_word' id='word_1_224' title='bbox 1434 2816 1679 2876; x_wconf 86' lang='lat' dir='ltr'>postremo,</span> 
     </span>
     <span class='ocr_line' id='line_1_31' title="bbox 203 2887 1679 2956; baseline -0.014 -2"><span class='ocrx_word' id='word_1_225' title='bbox 203 2906 509 2956; x_wconf 81' lang='lat' dir='ltr'>decausis</span> <span class='ocrx_word' id='word_1_226' title='bbox 554 2911 758 2955; x_wconf 89' lang='lat' dir='ltr'>tantae</span> <span class='ocrx_word' id='word_1_227' title='bbox 802 2899 1204 2950; x_wconf 84' lang='lat' dir='ltr'>infelicitatis</span> <span class='ocrx_word' id='word_1_228' title='bbox 1261 2899 1306 2942; x_wconf 88' lang='lat' dir='ltr'>ct</span> <span class='ocrx_word' id='word_1_229' title='bbox 1346 2898 1437 2939; x_wconf 87' lang='lat' dir='ltr'>tam</span> <span class='ocrx_word' id='word_1_230' title='bbox 1480 2887 1679 2936; x_wconf 88' lang='lat' dir='ltr'>diuturni</span> 
     </span>
     <span class='ocr_line' id='line_1_32' title="bbox 202 2967 1679 3049; baseline -0.014 -15"><span class='ocrx_word' id='word_1_231' title='bbox 202 2992 248 3034; x_wconf 87' lang='lat' dir='ltr'>et</span> <span class='ocrx_word' id='word_1_232' title='bbox 264 2987 488 3049; x_wconf 82' lang='lat' dir='ltr'>generalis</span> <span class='ocrx_word' id='word_1_233' title='bbox 506 2988 553 3036; x_wconf 90' lang='lat' dir='ltr'>in</span> <span class='ocrx_word' id='word_1_234' title='bbox 576 3003 729 3036; x_wconf 86' lang='lat' dir='ltr'>errore</span> <span class='ocrx_word' id='word_1_235' title='bbox 751 2999 1022 3040; x_wconf 73' lang='lat' dir='ltr'>consensus3</span> <span class='ocrx_word' id='word_1_236' title='bbox 1062 2985 1109 3025; x_wconf 90' lang='lat' dir='ltr'>ut</span> <span class='ocrx_word' id='word_1_237' title='bbox 1137 2976 1193 3024; x_wconf 86' lang='lat' dir='ltr'>ad</span> <span class='ocrx_word' id='word_1_238' title='bbox 1215 2988 1318 3024; x_wconf 79' lang='lat' dir='ltr'>vera</span> <span class='ocrx_word' id='word_1_239' title='bbox 1341 2971 1485 3019; x_wconf 87' lang='lat' dir='ltr'>minus</span> <span class='ocrx_word' id='word_1_240' title='bbox 1512 2967 1679 3016; x_wconf 76' lang='lat' dir='ltr'>dissici-</span> 
     </span>
    </p>
   </div>
  </div>
 </body>
</html>
