1947 3456
290 281 355 329 (36
842 276 1261 321 VERULAMII

293 402 500 451 rientiam
537 404 582 448 et
609 413 800 462 corpora
825 397 1022 461 sapiunt,
1056 396 1133 444 ubi
1167 393 1469 445 Aristotelis
1504 394 1708 458 physic
1720 411 1764 455 a,

295 483 408 529 nihil
427 479 548 528 aliud
576 494 704 542 quam
726 476 990 523 dialecticae
1020 492 1152 523 voces
1177 476 1436 539 plerumque
1459 477 1604 533 sonet,
1635 489 1764 536 quam

295 562 429 610 etiam
465 560 513 606 in
557 575 600 604 m
614 562 740 619 etap
752 555 781 601 h
793 573 817 617 y
831 555 876 600 si
889 571 913 600 c
924 554 939 599 i
952 570 990 614 S,
1019 555 1101 600 sub
1143 553 1396 600 solenniore
1430 550 1607 597 nomine
1638 555 1682 597 et
1716 555 1765 597 ut

297 640 439 703 magis
463 636 638 684 scilicet
673 651 729 681 re
741 633 876 692 alis,
912 648 940 678 n
955 648 979 678 o
994 649 1021 678 n
1058 649 1087 678 n
1099 649 1124 678 o
1137 632 1243 678 min
1257 631 1386 691 alis,
1421 629 1699 676 retractavit.

393 717 552 781 Neque
571 713 684 761 illud
707 727 965 776 quemquam
997 716 1187 771 moveat,
1224 708 1339 773 quod
1359 709 1405 754 in
1425 708 1555 755 libris
1579 709 1676 772 ejus
1703 707 1766 754 dc

299 795 664 853 animalibus,
699 791 843 838 etin
878 807 905 853 p
919 790 1130 837 roblem
1146 788 1363 848 atibus,
1401 787 1525 834 etin
1550 787 1652 834 aliis
1672 786 1766 833 suis

298 875 564 926 tractatibus
575 907 591 934 ,
634 870 828 919 versatio
860 869 1068 932 frequens
1101 868 1161 914 sit
1189 868 1235 913 in
1277 866 1611 929 experimentis.
1680 865 1767 912 Ille

300 957 419 1006 enim
453 954 578 1019 prius
614 952 888 1009 decreverat,
920 963 1062 1010 neque
1098 945 1420 1010 experientiam
1457 945 1512 991 ad
1527 1009 1532 1012 ρ
1549 944 1768 992 constitu-

301 1036 416 1085 enda
440 1035 620 1081 decreta
640 1037 684 1078 et
709 1029 935 1077 axiomata
955 1027 1041 1072 rite
1075 1025 1313 1084 consuluit,
1349 1040 1370 1070 s
1383 1040 1406 1070 e
1419 1023 1446 1069 d
1471 1040 1539 1086 po
1552 1028 1767 1086 stquam

301 1134 401 1180 pro
433 1110 685 1160 arbitrio
715 1124 816 1155 suo
841 1103 1223 1162 decrevisset,
1253 1102 1675 1174 experientiam
1701 1103 1766 1149 ad

303 1209 404 1241 sua
437 1189 659 1256 placita
693 1192 899 1234 tortam
947 1181 1329 1230 circumducit
1364 1187 1418 1229 et
1457 1189 1767 1253 captivanl3

300 1279 348 1321 ut
378 1273 464 1319 hoc
500 1269 635 1317 ctiam
671 1265 847 1312 nomine
880 1263 1021 1324 magis
1047 1262 1321 1309 accusandus
1352 1263 1427 1323 sit,
1464 1282 1593 1329 quam
1618 1272 1768 1314 secta-

298 1359 420 1400 tores
457 1349 553 1413 ejus
575 1344 794 1404 moderni,
829 1341 1197 1389 scholasticormn
1220 1340 1586 1407 philosophorum
1609 1362 1768 1410 genus,

297 1430 372 1496 qui
406 1425 728 1492 experientiam
765 1422 942 1471 omnino
979 1420 1285 1467 deseruerunt.

942 1542 1127 1591 LXIV.

402 1636 936 1706 Atplw'losopln’ae
964 1635 1569 1700 genusempiricum,
1598 1626 1788 1700 placita*

298 1719 440 1783 magis
477 1718 693 1765 deformia
732 1722 777 1763 et
810 1720 1060 1762 monstrosa
1091 1715 1256 1775 educit,
1294 1731 1422 1779 quam
1455 1733 1522 1765 so
1526 1715 1765 1782 ploistz‘-

299 1817 434 1849 cum
470 1805 584 1847 aut
620 1794 954 1845 rationale
984 1812 1207 1856 genus,
1245 1794 1348 1857 quia
1368 1811 1457 1841 non
1487 1795 1534 1841 in
1554 1795 1656 1842 luce
1680 1811 1766 1841 no-

287 1879 467 1926 tionum
499 1875 765 1939 vulgarium‚
803 1865 934 1937 [quae
965 1874 1073 1921 licet
1104 1873 1251 1920 tenuis
1285 1873 1343 1920 sit
1372 1879 1417 1920 et
1450 1872 1764 1938 superficialis,

297 1962 444 2004 tamen
467 1960 535 2002 est
559 1954 878 2018 quodammodo
912 1954 1177 2001 universalis
1203 1957 1247 1999 et
1276 1951 1331 1998 ad
1356 1953 1494 1999 multa
1517 1952 1762 2016 pertinens]

296 2034 376 2082 sed
397 2035 443 2082 in
467 2049 708 2097 paucorum
741 2032 1146 2095 experimentorum
1177 2032 1394 2094 angustiis
1421 2037 1466 2079 et
1492 2031 1764 2079 obscuritate

295 2112 527 2160 fundatum
550 2117 633 2159 est.
702 2110 860 2173 Itaque
892 2111 997 2157 talis
1029 2110 1315 2174 philosophia
1345 2110 1570 2174 illissqui
1597 2111 1643 2156 iu
1678 2110 1766 2156 hu-

286 2190 489 2264 jusmodi
535 2189 854 2254 experimentis
885 2190 1083 2253 quotidie
1126 2194 1359 2236 versantur
1392 2195 1523 2253 atque
1555 2205 1613 2237 ex
1652 2189 1764 2252 ipsis

295 2269 576 2334 phantasiam
611 2270 994 2328 contaminarunt,
1040 2268 1287 2332 probabilis
1316 2267 1516 2328 videtur,
1561 2273 1606 2315 et
1638 2267 1764 2331 quasi

297 2354 438 2409 certa,
471 2349 664 2396 caeteris
684 2348 963 2395 incredibilis
986 2353 1030 2394 et
1056 2363 1181 2394 vana.
1240 2346 1381 2411 Cujus
1404 2346 1657 2410 exemplum
1679 2361 1764 2392 no—

295 2427 433 2474 tabile
467 2432 535 2474 est
561 2428 606 2473 in
630 2416 856 2489 {hy-micis
888 2443 1126 2489 eorumque
1155 2426 1451 2489 dogmatibus,
1481 2425 1591 2471 alibi
1615 2428 1763 2471 autem

295 2504 372 2550 vix
392 2504 477 2552 hoc
517 2511 717 2569 tempore
745 2505 986 2565 invenitur,
1023 2505 1110 2550 nisi
1132 2505 1247 2551 forte
1271 2505 1316 2550 in
1346 2502 1633 2569 philosophia
1657 2502 1761 2550 Gil-

292 2583 439 2632 berti.
520 2582 616 2631 Sed
653 2589 798 2630 tamen
832 2584 955 2630 circa
983 2583 1237 2647 hujusmodi
1273 2583 1580 2647 philosophias
1612 2579 1759 2627 cautio

288 2662 418 2708 nullo
432 2661 561 2708 modo
578 2662 973 2725 praetermittenda
992 2668 1105 2723 erat,
1133 2663 1237 2726 quia
1257 2668 1402 2710 mente
1419 2663 1512 2725 jam
1523 2657 1759 2723 praevide-

290 2756 388 2786 mus
429 2745 474 2787 et
507 2755 793 2803 auguramur,
831 2741 869 2787 si
904 2742 1078 2804 quando
1116 2742 1341 2797 homines,
1379 2739 1544 2787 nostris
1577 2736 1757 2783 monitis

288 2819 493 2879 excitati,
529 2819 583 2865 ad
604 2818 926 2883 experientiam
952 2837 999 2867 se
1024 2821 1142 2867 serio
1166 2819 1452 2877 contulerint,
1488 2817 1636 2863 valere
1655 2816 1758 2879 jus-

286 2896 352 2942 ·sis
375 2897 590 2946 doctrinis
613 2897 886 2962 sophisticis,
922 2904 1014 2945 tum
1033 2898 1203 2946 demum
1229 2902 1412 2961 propter
1430 2900 1759 2961 praematurum
