2064 3490
503 281 846 322 DELINEATlo
877 292 926 319 ΕΤ
956 277 1369 318 ARGUMENTUM.
1622 275 1683 319 27

203 415 329 447 suum
362 397 573 463 persequi
612 402 657 444 et
689 396 892 459 optinere
929 408 1060 456 posse
1072 426 1087 451 ,
1134 390 1221 436 nisi
1261 390 1455 454 repetita
1490 391 1685 448 actione,

204 479 338 543 plane
353 477 609 524 diffidimus.
644 475 802 538 Itaque
828 471 1196 520 ministratio
1232 487 1257 516 a
1269 470 1295 516 d
1332 488 1375 516 ιιι
1387 486 1461 516 em
1479 469 1684 528 oriam,

204 558 421 618 tribus,
469 563 519 603 ut
563 555 785 613 diximus,
841 552 905 599 do
922 551 1145 599 ctrinis
1205 549 1569 608 absolvitur,
1622 547 1684 594 de

204 638 354 685 locis
398 634 766 694 inveniendi,
815 632 878 679 de
925 631 1154 678 method
1172 648 1196 678 o
1241 629 1452 678 contab
1470 627 1686 687 ulandi,

205 722 260 763 et
295 716 361 763 de
407 716 569 763 modo
615 711 996 761 instaurandi
1042 711 1523 775 inquisitionem.

300 794 524 860 Superest
594 793 778 842 MINI
795 791 1062 841 STRAT
1078 790 1157 838 IO
1233 792 1335 839 AD
1406 787 1689 839 RATIO-

204 873 302 923 NE
315 875 367 922 M
379 910 395 936 ,
446 876 520 922 cui
555 873 908 921 ministrationes
953 872 1066 919 duae
1115 871 1293 936 priores
1332 871 1689 919 subministrant.

204 953 392 1003 Nullum
415 955 530 1002 enim
554 970 637 1017 per
662 969 738 999 eas
761 951 1051 999 constituitur
1072 952 1269 1012 axioma,
1307 951 1384 999 sed
1406 957 1579 998 tantum
1603 966 1691 995 no-

205 1034 270 1082 tio
295 1034 488 1099 simplex
519 1050 617 1081 cum
657 1032 848 1079 historia
881 1030 1113 1089 ordinata3
1174 1037 1307 1099 &certo
1337 1032 1569 1078 verificata
1609 1045 1691 1093 per

207 1113 581 1161 ministrationem
602 1114 792 1177 primam
817 1117 949 1175 atque
971 1111 1037 1157 ita
1061 1117 1398 1175 repraesentata
1417 1128 1501 1175 per
1525 1126 1692 1158 secun-

207 1194 306 1241 dam
324 1229 340 1255 ,
381 1200 428 1242 ut
446 1200 671 1258 tamquam
698 1194 745 1239 in
762 1196 985 1257 potestate
1012 1197 1166 1238 nostra
1195 1193 1267 1240 sit.
1338 1195 1491 1255 Atque
1528 1208 1569 1237 ιιι
1583 1190 1635 1235 in
1648 1189 1691 1234 i-

207 1291 229 1322 s
242 1280 260 1322 t
272 1291 295 1321 r
310 1274 390 1322 ati
403 1291 427 1321 o
475 1290 499 1320 a
513 1274 539 1320 d
586 1291 609 1320 r
622 1273 706 1322 ati
724 1291 748 1320 o
764 1290 792 1319 ιι
804 1289 827 1320 e
839 1289 882 1318 ιιι
924 1288 978 1318 ea
1022 1272 1217 1318 maxime
1254 1272 1439 1335 probari
1478 1275 1691 1328 meretur,

209 1370 322 1419 quae
345 1355 566 1402 rationem
597 1354 651 1401 ad
680 1369 791 1418 opus
821 1369 948 1399 suum
969 1351 1303 1416 exsequendum
1329 1357 1374 1398 et
1413 1350 1545 1397 finem
1572 1349 1694 1397 obti-

209 1434 400 1482 nendum
429 1434 595 1498 optime
617 1433 808 1498 juvabit.
881 1430 926 1480 O
940 1450 967 1496 p
981 1449 1007 1478 u
1023 1449 1043 1478 s
1082 1437 1176 1478 aut
1191 1448 1269 1479 em
1305 1431 1458 1478 ratio
1472 1430 1564 1476 nis
1601 1445 1694 1476 na-

210 1521 342 1562 tura
382 1515 476 1561 uni
493 1531 639 1574 cum,
678 1513 800 1560 fine
850 1518 904 1560 et
948 1529 1046 1559 usu
1094 1512 1376 1575 geminum
1423 1516 1528 1558 est.
1598 1509 1694 1557 Aut

211 1595 329 1642 enim
366 1595 519 1642 scire
570 1598 615 1640 et
660 1592 1081 1656 contemplari,
1138 1597 1214 1638 aut
1260 1608 1433 1655 agere
1471 1597 1516 1638 et
1553 1607 1577 1637 e
1594 1589 1694 1636 ffi-

213 1691 274 1722 ce
287 1691 311 1721 r
323 1692 346 1722 e
359 1710 375 1736 ,
411 1672 582 1722 homini
612 1688 694 1737 pro
733 1671 822 1720 fine
857 1678 942 1720 est.
1012 1672 1172 1735 Itaque
1210 1688 1235 1718 a
1249 1688 1276 1723 u
1294 1677 1312 1718 t
1349 1688 1373 1718 c
1389 1687 1414 1717 a
1429 1688 1455 1717 u
1469 1688 1488 1717 s
1501 1687 1526 1717 a
1539 1687 1563 1718 e
1600 1687 1624 1717 e
1637 1688 1696 1716 x-

213 1754 443 1819 petitur
503 1753 769 1817 cognitio
831 1758 885 1800 et
946 1753 1409 1816 contemplatio,
1460 1757 1558 1797 aut
1618 1749 1697 1797 ef-

214 1833 361 1881 fecti
396 1839 662 1898 potestas
711 1840 766 1880 et
803 1833 988 1897 copia.
1062 1831 1363 1892 Quamobrem
1393 1831 1486 1878 dati
1511 1831 1697 1879 effectus

219 1914 288 1961 vel
306 1919 494 1961 naturae
524 1914 571 1960 in
596 1913 752 1978 quovis
772 1913 976 1976 subjecto
1015 1928 1218 1959 causas
1255 1928 1455 1972 nosse,
1508 1911 1697 1957 inten-

216 1994 303 2042 tio
334 1999 425 2042 est
461 1994 740 2041 humanae
778 1991 1081 2040 scientiae.
1153 1992 1306 2056 Atque
1329 2009 1516 2052 rursus,
1562 2007 1699 2054 super

217 2074 365 2122 datam
390 2074 605 2122 materiae
632 2073 791 2134 basin,
829 2071 1114 2120 effectum
1153 2072 1340 2136 quodvis
1370 2073 1463 2119 sive
1493 2077 1700 2118 naturam

220 2155 357 2216 [inter
398 2155 615 2203 terminos
648 2154 897 2219 possibilis]
936 2152 1169 2217 imponere
1214 2153 1283 2200 vel
1330 2153 1699 2217 superinducere,

219 2234 475 2282 intentio
508 2241 596 2284 est
632 2236 907 2282 humanae
938 2233 1333 2297 praesentiae.
1405 2232 1558 2297 Atque
1597 2232 1701 2280 hae

221 2315 627 2376 intentiones,
662 2314 837 2362 acutius
864 2313 1126 2378 inspicienti
1159 2319 1203 2361 et
1226 2329 1328 2361 vere
1356 2313 1613 2360 aestimanti
1644 2312 1702 2358 in

223 2394 379 2442 idem
429 2395 794 2443 coincidunt.
865 2392 980 2440 Nam
1020 2393 1169 2458 quod
1223 2394 1285 2440 in
1347 2393 1704 2457 contempla-

225 2475 386 2522 tione
422 2475 611 2522 instar
643 2490 852 2522 causae
888 2474 1068 2533 est,in
1105 2474 1458 2539 operatione
1496 2481 1584 2521 est
1619 2474 1704 2519 in-

227 2560 351 2602 star
385 2554 591 2614 medii;
627 2555 846 2602 scimus
884 2555 1034 2602 enim
1084 2571 1187 2619 per
1221 2571 1454 2615 causas,
1503 2570 1705 2619 opera-

227 2651 344 2681 mur
379 2651 480 2699 per
512 2635 709 2683 media.
780 2633 843 2683 Et
873 2641 1022 2695 certe,
1058 2635 1096 2682 si
1129 2635 1277 2683 media
1309 2636 1545 2696 universa,
1593 2651 1705 2698 quae

228 2714 283 2761 ad
307 2731 444 2779 opera
467 2716 694 2780 quaelibet
713 2715 1029 2780 requiruntur,
1068 2715 1237 2762 homini
1262 2722 1415 2780 optato
1438 2716 1492 2762 ad
1529 2730 1705 2762 manum

228 2800 550 2860 suppeterent,
598 2796 662 2842 nil
691 2813 802 2860 opus
839 2796 957 2844 foret
991 2812 1289 2861 magnopere,
1330 2798 1419 2844 ista
1462 2794 1705 2858 separatim

228 2881 442 2924 tractare.
513 2874 683 2924 Verum
705 2893 803 2924 cum
826 2875 1029 2940 operatio
1051 2876 1246 2923 humana
1269 2877 1314 2922 in
1347 2877 1486 2922 multo
1513 2875 1708 2938 majores

231 2956 459 3019 angustias
489 2958 786 3021 compellatur
831 2973 961 3021 quam
1002 2956 1223 3016 scientia,
1271 2960 1456 3020 propter
1489 2953 1706 3002 individui
