2064 3490
603 282 864 329 NOVUM
920 281 1298 329 GRc-ANUM.
1633 283 1695 329 53

204 413 310 470 epta
341 405 574 453 verborum
612 405 867 470 impositio,
915 403 1041 450 miris
1074 402 1217 450 modis
1254 403 1531 450 intellectum
1571 405 1696 451 obsi-

204 485 295 533 det.
366 484 526 549 Neque
574 484 857 532 definitiones
895 488 972 530 aut
1017 483 1373 547 explicationes,
1411 482 1571 548 quibus
1609 485 1694 530 lio-

201 564 345 612 mines
382 563 505 612 docti
539 580 588 611 se
617 564 792 612 munire
829 569 873 612 et
904 563 1133 610 vindicare
1169 563 1215 610 in
1246 563 1476 610 nonnullis
1499 578 1693 610 consue·-

201 649 390 705 verunt,
436 648 532 691 rem
567 645 662 693 ullo
709 643 840 691 modo
887 644 1146 691 restituunt.
1227 641 1324 691 Sed
1370 642 1506 690 verba
1555 641 1690 706 plane

201 724 288 769 vim
326 723 501 771 faciunt
533 724 788 773 intellectui
825 729 869 771 et
902 723 1051 770 omnia
1087 723 1286 783 turbant,
1325 728 1369 770 et
1407 722 1610 770 homines
1632 721 1686 769 ad

200 804 356 853 inanes
393 809 438 852 et
457 803 716 853 innumeras
739 803 1071 854 controversias
1099 808 1142 851 et
1175 807 1426 850 commenta
1447 801 1688 850 deducunt.

861 921 1047 975 XLIV.

298 1017 421 1067 Sunt
450 1017 642 1083 denique
689 1018 817 1067 idol
833 1034 860 1066 a
899 1034 1012 1083 quae
1060 1016 1375 1081 innnigrarunt
1420 1018 1466 1066 in
1513 1017 1685 1065 animos

192 1096 422 1145 hominum
459 1115 518 1147 ex
554 1098 743 1147 diversis
765 1098 1047 1162 dogmatibus
1066 1096 1454 1162 philosophiaruin
1475 1113 1528 1144 ac
1549 1097 1683 1144 etiam

196 1193 252 1224 ex
289 1178 513 1241 perversis
549 1179 730 1242 legibus
775 1178 1223 1238 demonstrationum,
1271 1193 1384 1241 quae
1427 1176 1506 1224 ID
1521 1175 1565 1225 O
1581 1175 1683 1225 LA

196 1255 554 1305 THEATRI
586 1259 883 1318 nominamus,
918 1257 1068 1321 quia,
1099 1263 1232 1321 quot
1264 1257 1681 1321 philosophiae

191 1343 471 1402 receptae
507 1344 604 1385 aut
651 1339 929 1386 inventae
961 1342 1120 1398 sunt,
1158 1342 1245 1384 tot
1281 1336 1517 1383 fabulas
1553 1353 1682 1401 pro·-

194 1415 402 1465 ductas
439 1423 494 1465 et
528 1423 691 1465 aetas
728 1434 1048 1478 censemus,
1087 1433 1227 1482 quae
1257 1416 1497 1464 mundos
1534 1416 1682 1464 effe-

194 1503 401 1544 colunt
432 1497 699 1545 fictitios
726 1503 780 1544 et
817 1497 1114 1545 scenicos.
1181 1495 1342 1562 Neque
1373 1496 1427 1544 de
1465 1496 1535 1543 his
1566 1512 1680 1560 quac

188 1577 281 1639 jam
308 1576 530 1624 habentur
566 1583 642 1624 aut
679 1577 813 1624 etiam
852 1577 906 1624 de
940 1576 1166 1624 vetelibus
1186 1575 1487 1642 philosophiis
1511 1581 1556 1623 et
1576 1591 1681 1622 sec-

191 1656 250 1702 tis
287 1661 460 1704 tantum
497 1657 747 1721 loquimur,
783 1674 883 1705 cum
921 1657 1175 1721 complules
1213 1657 1330 1704 aliae
1367 1653 1587 1720 ejusmodi
1608 1654 1680 1700 fa-

192 1736 324 1783 bulae
348 1737 558 1800 componi
579 1742 622 1784 et
645 1736 907 1785 concinnari
936 1736 1128 1800 possint,
1168 1734 1526 1800 quandoquidem
1548 1751 1678 1783 erro-

190 1832 288 1862 rum
308 1832 491 1880 prorsus
516 1816 791 1864 diversorum
813 1832 974 1864 causae
1000 1816 1090 1863 sint
1109 1816 1400 1867 nihilominus
1424 1815 1519 1863 fere
1553 1831 1680 1863 com-

191 1911 364 1944 munes,
432 1894 592 1960 Neque
615 1914 769 1944 rursus
807 1897 860 1944 de
897 1896 1197 1961 philosophiis
1223 1895 1552 1943 universalibus
1574 1899 1678 1941 tan-

191 1983 283 2023 tum
321 1976 408 2024 hoc
438 1977 733 2041 intelligimus
749 2012 764 2038 ,
802 1975 880 2024 sed
926 1976 1059 2023 etiam
1099 1975 1153 2023 de
1183 1975 1423 2040 principiis
1461 1980 1507 2022 et
1544 1974 1679 2022 axio-

189 2056 382 2103 matibus
419 2057 725 2121 compluribus
761 2056 1050 2104 scientiarum
1066 2091 1080 2116 ,
1118 2073 1232 2120 quae
1271 2072 1329 2104 ex
1365 2054 1609 2103 traditione
1634 2060 1678 2101 et

190 2134 278 2183 fide
314 2140 360 2183 et
394 2137 606 2200 neglectu
642 2137 944 2183 invaluerunt.

290 2213 464 2264 Verum
513 2216 577 2264 de
627 2216 884 2280 singulis
937 2214 1081 2262 istis
1126 2212 1447 2277 generibus
1484 2211 1678 2259 idolo-

189 2300 251 2342 ru
265 2312 308 2343 111
343 2295 487 2344 fusius
540 2301 585 2344 et
621 2295 877 2343 distinctius
914 2294 1150 2343 dicendum
1185 2300 1281 2355 est,
1317 2298 1366 2340 ut
1401 2292 1678 2339 intellec-

192 2375 278 2421 tui
313 2375 342 2422 li
356 2392 383 2422 u
395 2393 435 2422 in
449 2392 513 2422 an
527 2393 552 2423 o
581 2380 761 2424 cautum
798 2376 874 2424 sit.

856 2475 1016 2524 XLV.

305 2555 710 2607 Intellectus
769 2556 1116 2617 burnan-us,
1173 2571 1242 2601 ex
1292 2552 1679 2618 proprietate

193 2653 320 2696 sua,
357 2636 544 2684 facile
576 2638 859 2703 supponit
892 2639 1166 2701 majorem
1202 2633 1469 2682 ordinem
1509 2637 1563 2680 et
1592 2648 1681 2677 ae-

195 2716 549 2781 qualitatem
595 2717 650 2764 in
698 2719 898 2778 rebus,
947 2731 1107 2780 quam
1162 2714 1406 2762 invenit.
1480 2710 1680 2759 Etcum

196 2798 337 2844 multa
369 2799 459 2844 sint
485 2797 530 2844 in
568 2802 728 2844 natura
754 2797 989 2845 monodica
1028 2802 1072 2843 et
1110 2797 1244 2861 plena
1281 2792 1569 2858 imparitatis,
1608 2795 1680 2836 ta·-

197 2894 294 2925 mcn
324 2878 499 2941 affingit
537 2879 757 2942 parallela
788 2882 831 2925 et
867 2876 1263 2940 coi-respondentia
1291 2881 1333 2921 et
1362 2872 1551 2918 relativa
1569 2885 1681 2934 quac

200 2974 286 3003 non
324 2964 444 3005 sunt.
