2031 3490
533 288 788 334 NOVUM
837 286 1215 333 ORGANUM.
1523 286 1619 335 115

243 409 451 475 Itaque
483 409 825 474 sperandum
863 407 1092 454 omnino
1130 411 1232 467 est,
1270 422 1369 454 esse
1401 408 1546 458 adbuc
1574 411 1619 459 in

145 494 333 537 naturae
374 491 502 549 sinu,
561 490 697 535 multa
736 486 1002 534 excellentis
1044 503 1147 533 usus
1189 486 1448 548 recondita,
1509 507 1621 553 quae

144 569 313 615 nullam
337 585 435 616 cum
454 569 545 632 jam
576 567 769 615 inventis
794 565 1102 626 cognationem
1133 565 1299 612 babent
1329 571 1406 613 aut
1426 570 1621 631 paralle-

143 647 339 708 lismum,
374 646 452 695 sed
478 647 657 693 omnino
681 647 768 693 sita
789 652 893 692 suut
917 652 1048 692 extra
1073 645 1166 691 vias
1192 645 1473 708 phantasiae,
1508 665 1621 712 quae

144 731 293 773 tamen
326 725 471 774 adhue
502 726 683 773 inventa
713 742 802 773 non
843 731 971 783 sunt3
1017 739 1128 787 quae
1169 724 1493 788 proculdubio,
1541 746 1623 793 per

143 805 308 852 multos
342 806 623 853 saeculorum
657 804 870 853 circuitus
894 810 939 851 et
962 804 1198 866 ambages,
1231 809 1275 851 et
1293 803 1393 867 ipsa
1417 809 1623 869 quando-

145 900 231 948 que
266 870 543 948 prodibunt,
571 885 687 931 sieut
720 885 802 931 illa
834 883 1069 947 superiora
1101 882 1390 946 prodierunt,
1434 886 1511 932 sed
1544 905 1623 951 per

145 963 277 1025 viam,
315 981 445 1029 quam
467 980 584 1011 nunc
605 968 876 1022 tractamus,
909 977 1099 1026 propere
1131 967 1176 1008 et
1198 962 1374 1023 subito,
1420 970 1465 1012 et
1488 967 1622 1013 simul

144 1044 473 1107 repraesentari
492 1049 537 1092 et
563 1042 803 1108 anticipari
828 1046 1032 1107 possunt.

834 1176 940 1225 CX.

243 1269 309 1317 At
327 1277 475 1318 tamen
499 1269 954 1334 conspiciuntur
983 1272 1038 1316 et
1074 1266 1194 1314 alia
1226 1267 1463 1316 inventa
1495 1271 1623 1333 ejus

142 1349 412 1411 generis,
451 1365 594 1414 quae
631 1349 806 1397 fidem
844 1347 1094 1407 faciant,
1131 1363 1262 1411 posse
1291 1364 1433 1410 genus
1461 1347 1624 1396 binna-

144 1443 248 1474 num
279 1429 452 1476 nobilia
482 1430 681 1490 inventa,
711 1430 843 1476 etiam
877 1426 1139 1492 antepedes
1169 1427 1344 1492 posita,
1376 1429 1624 1492 praeterire

144 1513 188 1553 et
217 1508 462 1556 transilire.

244 1597 484 1663 Utcunque
524 1598 642 1646 enim
674 1598 981 1665 pulveris
1036 1598 1501 1658 tormentarii,
1553 1598 1624 1646 vel

128 1677 262 1740 fili
290 1679 665 1743 bombycina,
702 1678 774 1725 vel
813 1696 967 1726 acus
1000 1678 1346 1736 nauticae,
1385 1678 1454 1724 vel
1491 1695 1624 1726 sac-

143 1756 342 1817 chari,
381 1759 451 1805 vel
478 1758 741 1823 papyri,
793 1758 861 1804 vel
890 1758 1322 1817 similiuminventa,
1359 1756 1624 1820 quibusdam

142 1851 290 1883 rerum
329 1842 374 1884 et
401 1844 586 1884 naturae
615 1837 965 1901 proprietatibus
999 1837 1080 1882 niti
1113 1835 1369 1893 videantur3
1417 1842 1465 1882 at
1499 1841 1624 1883 certe

142 1914 558 1981 imprimendi
587 1917 975 1980 artificium
1013 1916 1077 1962 nil
1104 1915 1263 1975 babet,
1302 1913 1418 1978 quod
1450 1931 1538 1961 non
1564 1914 1624 1961 sit

143 2003 345 2057 apertum
376 2002 422 2043 et
451 1996 545 2043 fere
575 1996 770 2052 obvium.
838 1995 903 2043 Et
927 1995 1218 2042 nihilominus
1250 1994 1479 2050 homines,
1534 2010 1624 2041 non

143 2073 442 2135 advertenteS,
480 2075 833 2124 literarum
867 2073 1155 2122 modulos
1193 2072 1425 2120 difficilius
1445 2072 1624 2120 scilieet

143 2154 378 2214 collocari,
416 2172 545 2219 qnam
575 2156 736 2203 literae
763 2172 845 2218 per
866 2160 1034 2201 motum
1059 2168 1213 2199 manus
1235 2153 1508 2212 scribantur,
1544 2151 1624 2199 sed

143 2232 230 2281 boc
250 2234 486 2294 interesse,
507 2233 622 2297 quod
642 2235 1004 2283 literarum
1036 2231 1282 2280 moduli
1309 2231 1448 2278 semel
1477 2231 1622 2278 collo-

144 2312 250 2371 cati,
286 2311 474 2359 infinitis
511 2314 908 2377 impressionibus,
954 2313 1113 2360 literae
1150 2318 1297 2358 autem
1329 2327 1410 2374 per
1446 2326 1624 2357 manum

144 2396 374 2452 exaratae,
411 2391 570 2439 unicae
595 2398 766 2439 tantum
787 2392 1020 2456 scriptioni
1044 2391 1296 2449 sufficiant3
1335 2396 1410 2436 aut
1432 2389 1623 2437 sortasse

142 2470 305 2517 iterum
327 2487 414 2517 non
441 2470 749 2532 advertentes,
795 2478 1089 2519 atramentum
1124 2471 1189 2518 ita
1213 2469 1449 2533 inspissari
1473 2485 1623 2533 posse,

143 2557 191 2597 ut
213 2551 374 2612 tingat,
411 2566 498 2597 non
522 2551 656 2610 ssiiat,
705 2552 967 2616 praesertim
1004 2551 1149 2598 literis
1173 2549 1446 2614 resupinatis
1469 2554 1514 2596 et
1535 2549 1624 2595 im-

144 2629 374 2694 pressione
402 2629 521 2676 sacta
554 2629 770 2694 desuper3
815 2631 899 2678 boc
934 2630 1235 2694 pulcherrimo
1260 2629 1460 2688 invento,
1507 2627 1623 2691 quod

143 2709 198 2756 ad
229 2709 531 2757 doctrinarum
565 2711 844 2774 propagatis*
893 2727 932 2757 m
961 2716 1132 2757 tantum
1156 2708 1266 2756 facit
1275 2743 1291 2769 ,
1330 2725 1410 2773 per
1433 2713 1500 2755 tot
1519 2723 1623 2753 sae-

144 2789 247 2836 cula
280 2798 537 2837 caruerunt.

247 2867 381 2916 Solet
403 2874 549 2916 autem
577 2884 699 2915 mens
722 2868 931 2927 humana,
968 2867 1013 2913 in
1048 2866 1134 2912 boc
1166 2864 1437 2912 inventionis
1473 2863 1623 2910 curri-

146 2945 275 3006 culo,
311 2953 400 2994 tam
432 2949 560 2995 laeva
582 2964 903 3013 saepenumero
928 2952 971 2994 et
997 2945 1111 2992 male
1137 2944 1384 3007 composita
1407 2959 1531 3003 esse,
1578 2948 1624 2990 ut

1335 3020 1397 3063 8²12·
