1947 3456
272 279 369 329 134
792 281 1221 328 VERULAMII

270 403 461 451 tinere
515 409 788 467 possunt,
848 402 1084 463 civilia,
1139 401 1201 449 ad
1247 406 1448 450 certas
1504 407 1752 452 tantum-

274 481 432 529 modo
468 481 746 531 hominum
782 482 971 540 sedes3
1017 482 1129 528 baec
1163 481 1295 529 etiam
1331 498 1420 528 non
1444 482 1564 530 ultra
1585 498 1752 546 paucas

277 565 447 608 aetates
479 559 657 619 durant,
691 559 789 621 illa,
821 561 947 624 quasi
979 560 1206 623 perpetuis
1243 560 1536 624 temporibus.
1603 561 1754 624 Atque

279 644 421 687 status
441 637 693 686 emendatio
725 638 783 685 in
819 640 1124 699 civilibus,
1155 656 1263 685 non
1301 640 1423 687 sine
1461 639 1514 686 vi
1548 645 1603 686 et
1633 654 1755 703 per-

279 717 621 765 turbatione
658 718 917 781 plerumque
948 717 1174 783 procedit3
1223 723 1269 764 at
1312 718 1546 766 inventa
1585 717 1759 765 beant

281 801 336 844 et
380 795 732 845 beneficium
782 797 1084 858 deferunt,
1143 797 1309 860 absque
1355 797 1547 861 alicujus
1590 796 1758 861 injuria

284 880 361 922 aut
392 875 594 923 tristitia.

386 952 578 1002 Etiam
631 954 901 1016 inventa,
964 954 1130 1019 quasi
1186 969 1363 1001 novae
1423 953 1760 1001 creationes

288 1038 504 1080 suntet
540 1032 865 1081 divinorum
904 1049 1132 1097 operum
1168 1032 1542 1094 imitamenta,
1579 1037 1627 1080 ut
1649 1033 1761 1080 bene

286 1111 451 1158 cecinit
476 1111 582 1158 illex

402 1210 589 1250 Primum
633 1211 876 1265 srugzsferos
899 1211 1048 1264 foetus
1076 1209 1321 1250 mortalibus
1351 1211 1490 1264 aegris

404 1276 665 1316 Dediderant
693 1279 909 1331 quondam
936 1277 1182 1331 praestanti
1203 1278 1369 1317 nomine
1396 1277 1609 1326 Athenae,

400 1343 460 1382 Ec
492 1357 547 1383 re
559 1357 580 1383 c
593 1358 615 1383 r
625 1357 647 1384 e
661 1359 687 1385 a
698 1359 723 1385 v
733 1359 756 1385 e
768 1360 789 1384 r
799 1359 829 1385 u
839 1351 896 1385 nt
926 1347 1071 1396 vitam,
1104 1346 1300 1398 legesque
1331 1349 1551 1398 rogarunt.

391 1434 544 1498 Atque
574 1434 749 1483 videtur
781 1441 936 1483 notatu
976 1435 1156 1498 dignum
1198 1434 1245 1479 in
1289 1432 1763 1492 SALOMONE3

293 1511 409 1575 quod
439 1529 566 1574 cum,
597 1514 803 1578 imperio,
842 1530 978 1574 auro,
1017 1512 1348 1576 magnificentia
1381 1529 1587 1576 operum,
1624 1513 1766 1560 satel-

292 1591 418 1651 litio,
462 1592 714 1653 famulitio,
753 1593 898 1640 classe
928 1593 1136 1656 insuper,
1180 1597 1225 1638 et
1255 1591 1448 1638 nominis
1473 1591 1679 1639 claritate
1714 1608 1766 1640 ac

292 1686 463 1717 summa
482 1671 705 1718 hominum
734 1671 1027 1718 admiratione
1059 1671 1255 1730 floreret,
1289 1676 1436 1717 tamen
1472 1671 1585 1718 nihil
1610 1671 1766 1719 horum

292 1748 510 1812 delegerit
528 1751 612 1797 sibi
634 1750 688 1797 ad
709 1750 917 1813 gloriam,
954 1749 1030 1796 sed
1051 1750 1114 1795 ita
1144 1749 1525 1812 pronuntiaverit:

399 1838 733 1878 GLORIAM
759 1838 888 1878 DEI
915 1835 1121 1889 ESSE,
1164 1837 1464 1877 CELARE
1489 1837 1670 1886 BEM3

397 1904 738 1946 GLORIAM
763 1905 1009 1955 REGIS,
1042 1903 1574 1946 INVESTIGARE
1598 1903 1763 1947 REM.

397 1983 640 2046 Rursus,
678 1987 967 2050 siplacet,
1004 1989 1236 2049 reputet
1263 1985 1566 2049 quispiam,
1603 2002 1768 2050 quan-

298 2066 411 2107 tum
448 2062 694 2111 intersit
729 2064 884 2111 iuter
919 2063 1206 2109 hominum
1243 2063 1442 2125 vitam,
1477 2065 1533 2111 in
1569 2066 1769 2113 excul-

295 2140 528 2188 tissima
585 2143 843 2207 quapiam
895 2141 1166 2205 Europae
1216 2143 1552 2205 provincia,
1610 2149 1667 2190 et
1713 2144 1770 2190 iu

298 2219 538 2281 regione
576 2222 771 2285 aliqua
804 2221 1001 2269 Novae
1038 2219 1246 2267 Indiae
1282 2221 1524 2269 maxime
1559 2221 1681 2270 fera
1717 2227 1772 2270 et

298 2299 563 2347 barbara.
632 2299 728 2347 Eas
759 2306 929 2348 tantum
964 2299 1144 2346 differre
1176 2299 1478 2362 existimabit,
1527 2305 1578 2347 ut
1611 2301 1770 2348 merito

297 2377 549 2427 hominem
583 2379 781 2428 homini
803 2381 954 2428 deum
983 2396 1108 2438 esse,
1144 2394 1232 2425 nou
1268 2379 1412 2426 solum
1431 2384 1617 2443 propter
1637 2379 1771 2426 auxi-

299 2457 405 2504 lium
432 2464 476 2505 et
509 2460 789 2520 beneficium,
821 2458 898 2506 sed
930 2458 1064 2505 etiam
1091 2474 1173 2521 per
1204 2462 1347 2505 status
1375 2458 1772 2522 comparationem,

299 2541 421 2583 recte
459 2537 549 2584 dici
581 2539 740 2601 possit.
819 2539 1010 2600 Atque
1056 2536 1187 2597 hoc,
1247 2554 1358 2585 non
1403 2538 1613 2598 solum,
1666 2553 1770 2584 nou

301 2615 550 2677 coelum,
587 2633 695 2663 non
733 2631 1013 2680 corpora,
1050 2614 1146 2661 sed
1183 2621 1344 2663 artes
1380 2621 1704 2681 praestant.

400 2693 651 2755 Rursus,
689 2695 793 2741 vim
832 2701 884 2741 ct
919 2695 1187 2742 virtutem
1232 2701 1288 2742 et
1322 2695 1771 2758 consequentias

301 2789 488 2820 rerum
517 2774 884 2821 inventarum
921 2779 1121 2821 notare
1149 2775 1331 2838 juvat,
1355 2791 1466 2838 quac
1484 2789 1573 2820 nou
1601 2772 1646 2818 in
1672 2773 1773 2819 aliis

303 2852 580 2900 manifestius
614 2857 871 2911 occurrunt,
908 2869 1035 2915 quam
1061 2852 1105 2898 in
1130 2853 1223 2899 illis
1243 2853 1403 2912 tribus,
1440 2868 1552 2916 quae
1579 2852 1774 2915 antiquis

302 2931 573 2994 incognitae,
612 2938 656 2980 et
679 2948 861 2997 quarum
889 2931 1148 2995 primordia,
1181 2931 1288 2978 licet
1313 2931 1538 2993 recentia,
1585 2931 1775 2979 obscura
