2064 3490
603 293 861 340 NOVUM
907 292 1284 342 ORGANUM.
1623 292 1689 346 95

207 417 312 464 tiles
334 416 409 464 isti
432 416 592 465 heroes
615 417 746 464 etiam
772 416 933 463 fecisse
966 414 1208 479 fingantur,
1245 418 1323 466 sed
1357 420 1499 469 modis
1532 431 1576 475 et
1608 426 1690 473 viis

207 496 386 543 scilicet
410 497 653 556 actionum,
675 495 855 542 minime
875 495 1093 543 fabulosis
1115 502 1160 544 et
1184 498 1475 562 prodigiosis.
1528 502 1688 568 Neque

205 581 448 639 propterea
478 591 666 639 aequum
697 581 794 635 est,
842 590 974 622 verae
1015 577 1256 624 memoriae
1299 578 1430 627 fidem
1460 579 1689 647 derogari,

209 655 326 719 qnod
349 672 375 702 a
402 655 567 702 fabulis
587 654 669 700 illa
691 653 955 718 quandoque
976 655 1101 702 laesa
1123 656 1183 703 sit
1204 663 1250 704 et
1272 658 1457 708 violata.

308 734 424 783 Sed
462 734 699 781 interim
737 734 804 780 mi
822 734 970 781 nime
1003 735 1199 783 mirum
1239 744 1346 799 est,
1379 740 1427 786 si
1476 741 1690 805 proposi·-

205 813 404 861 tionibus
439 814 593 874 novis,
630 812 894 877 praesertim
925 830 1023 860 cum
1055 817 1280 864 mentione
1302 833 1504 881 operum,
1542 836 1689 883 mag-

208 910 332 940 num
372 894 452 941 sit
488 892 703 939 factum
741 893 1194 956 praejudicium,
1227 912 1309 960 per
1333 898 1445 944 istos
1466 898 1689 962 imposto-

206 989 280 1021 res
301 973 375 1037 qui
399 972 566 1019 similia
595 977 896 1033 tentaverunt,
920 989 944 1020 c
959 989 983 1019 u
997 990 1036 1019 m
1077 990 1099 1020 v
1113 991 1138 1021 a
1151 992 1178 1021 n
1193 975 1305 1023 itat
1321 976 1369 1024 is
1406 993 1430 1024 e
1445 995 1474 1025 x
1489 994 1513 1025 c
1526 995 1615 1026 ess
1629 995 1688 1026 us

206 1058 260 1099 et
287 1050 620 1111 fastidium,
657 1051 830 1098 etiam
869 1068 1014 1100 nunc
1048 1070 1260 1102 omnem
1309 1055 1364 1102 in
1401 1056 1688 1119 ejusmodi

205 1131 520 1179 conatibus
556 1130 1102 1194 magnanimitatem
1141 1133 1524 1184 destruxerit.

772 1264 1114 1316 LXXXVIII.

305 1357 371 1405 At
392 1357 526 1421 longe
553 1356 726 1420 majora
750 1372 775 1402 a
800 1358 1315 1421 pusillanimitate
1352 1366 1397 1408 et
1429 1378 1688 1425 pensorum,

203 1453 318 1502 quae
351 1437 545 1483 humana
572 1435 794 1483 industria
818 1437 905 1483 sibi
932 1439 1196 1502 proposuit,
1230 1439 1451 1503 parvitate
1473 1448 1517 1487 et
1541 1443 1688 1489 tenui-

202 1522 314 1577 tate,
353 1516 706 1564 detrimenta
741 1516 785 1561 in
820 1516 1033 1564 scientias
1054 1519 1232 1565 invecta
1253 1524 1373 1566 sunt.
1434 1518 1497 1567 Et
1520 1526 1687 1582 tamen,

203 1596 320 1661 quod
340 1597 581 1661 pessimum
601 1601 685 1656 est,
722 1596 1194 1659 pusillanimitas
1240 1599 1354 1645 ista
1406 1616 1516 1646 non
1558 1601 1688 1649 sine

203 1676 555 1740 arrogantia
591 1681 646 1723 et
679 1675 925 1722 fastidio
962 1692 1021 1723 se
1057 1676 1292 1726 offert-⁷

301 1755 507 1803 Primum
541 1755 688 1816 enim,
721 1755 917 1802 omnium
953 1756 1115 1803 artium
1146 1757 1228 1804 illa
1259 1757 1485 1821 reperitur
1510 1758 1689 1806 cautela

198 1836 291 1901 jam
315 1835 437 1883 facta
460 1835 714 1895 familiaris,
738 1841 786 1881 ut
806 1836 853 1880 in
875 1835 1075 1898 qualibet
1097 1842 1193 1884 arte
1214 1843 1413 1896 autores,
1445 1838 1556 1884 artis
1580 1854 1688 1885 suae

202 1914 510 1962 infirmitatem
546 1915 594 1961 in
625 1920 812 1961 naturae
842 1914 1109 1961 calumniam
1147 1922 1346 1975 vertant,
1385 1921 1429 1963 et
1458 1915 1575 1979 quod
1611 1932 1686 1964 ars

202 1996 401 2059 ipsorum
427 2011 515 2041 non
557 1994 827 2058 assequitur,
864 1993 910 2040 id
947 2010 1002 2041 ex
1027 1994 1182 2041 eadem
1207 2001 1304 2042 arte
1334 1995 1615 2059 impossibile
1638 1997 1687 2044 in

200 2079 362 2121 natura
396 2072 706 2138 pronuntiant.
781 2072 941 2138 Neque
981 2080 1104 2122 certe
1150 2073 1354 2121 damnari
1397 2081 1548 2140 potest
1592 2093 1686 2137 ars,

201 2154 243 2201 si
266 2154 364 2219 ipsa
380 2153 572 2218 judicet.

304 2243 458 2292 Etiam
480 2243 769 2309 philosophia
792 2260 906 2308 quae
935 2260 1055 2292 nunc
1086 2244 1132 2290 in
1158 2244 1362 2292 manibus
1394 2250 1478 2304 est,
1514 2244 1560 2290 in
1586 2243 1688 2291 sinn

203 2340 284 2372 suo
303 2324 452 2388 posita
474 2323 689 2388 quaedam
710 2323 833 2371 fovet
853 2329 930 2371 aut
950 2324 1135 2387 placita,
1162 2325 1339 2387 quibus,
1364 2324 1403 2370 si
1423 2323 1686 2385 diligentius

203 2403 473 2468 inquiratur,
510 2402 597 2449 hoc
617 2402 872 2450 hominibus
897 2403 1077 2450 omnino
1106 2403 1367 2468 persuaderi
1406 2403 1584 2449 volunt:
1620 2402 1687 2449 nil

203 2483 258 2530 ab
280 2488 378 2530 arte
398 2482 471 2530 vel
491 2481 684 2529 hominis
711 2500 876 2547 opere,
909 2483 1096 2531 arduum
1127 2489 1203 2531 aut
1232 2484 1278 2530 in
1309 2488 1513 2530 naturam
1545 2482 1688 2546 impe-

201 2563 370 2610 riosum
393 2567 438 2610 et
456 2562 652 2609 validum
672 2564 929 2628 exspectari
955 2563 1135 2624 debere,
1173 2570 1223 2611 ut
1260 2563 1314 2612 de
1347 2563 1687 2625 laeterogem’a

204 2642 411 2703 caloris,
446 2643 592 2692 astri
614 2651 670 2693 et
698 2644 858 2707 agrmk,
894 2651 950 2693 et
981 2644 1239 2704 mistione,
1276 2643 1483 2708 superius
1517 2641 1686 2689 dictum

204 2727 290 2770 est.
361 2721 490 2782 Quae
523 2723 562 2771 si
595 2728 809 2771 notentur
842 2724 1126 2784 accuratius,
1156 2722 1336 2770 omnino
1368 2721 1595 2786 pertinent
1630 2718 1686 2766 ad

203 2801 423 2850 humanae
457 2802 696 2868 potestatis
738 2802 1202 2866 circumscriptionem
1240 2801 1511 2848 malitiosam
1550 2804 1595 2846 et
1629 2797 1684 2845 ad

205 2881 451 2943 quaesitam
473 2889 520 2930 et
551 2881 840 2930 artificiosam
878 2882 1255 2946 desperationem,
1292 2895 1404 2943 quae
1427 2895 1516 2925 non
1542 2878 1688 2925 solum

203 2961 302 3026 spei
316 2963 503 3026 auguria
517 2964 685 3026 turbet,
706 2963 786 3012 sed
810 2962 945 3011 ctiam
970 2975 1123 3008 omues
1145 2959 1395 3006 industriae
1413 2958 1618 3006 stimulos
1640 2964 1687 3006 et
