1947 3456
265 306 331 353 ‘J-‘l-
768 305 1198 348 VERULAMII

264 427 606 490 easdemque
641 441 917 490 sparsas,
959 440 1061 472 nee
1109 422 1380 472 methodo
1429 425 1726 474 revinctas

264 507 631 565 sententias,
668 504 971 566 conjicere
1006 503 1300 562 solebant3
1349 519 1492 567 neque
1512 519 1561 551 se
1587 509 1727 552 artem

261 588 512 634 nniversam
533 582 769 645 complecti
792 582 1058 628 simulabant
1080 587 1155 628 aut
1175 582 1512 645 profitebantur.

363 664 439 711 At
470 679 561 721 eo,
599 678 700 725 quo
738 676 885 707 nune
919 676 1014 706 res
1050 660 1248 723 agitur
1280 661 1468 722 modo,
1500 660 1727 708 minime

262 743 457 790 mirum
503 745 619 801 est,
664 740 713 786 si
756 739 1016 786 homines
1060 738 1118 785 in
1158 739 1235 785 iis
1281 740 1576 787 ulteriora
1617 755 1726 786 non

262 825 565 886 quaerant,
596 835 707 882 quae
731 835 810 882 pro
831 817 1043 881 perfectis
1067 822 1112 865 et
1131 818 1326 865 numeris
1351 818 1444 865 suis
1460 818 1727 883 jampridem

261 899 478 947 absolutis
502 898 754 945 traduntur.

835 962 1147 1011 LXXXVII.

359 1056 512 1104 Etiam
548 1055 729 1118 antiqua
764 1070 969 1116 magnum
1014 1051 1484 1100 existimationis
1540 1056 1584 1100 et
1621 1051 1727 1100 fidei

260 1138 673 1184 incrementum
723 1136 1021 1196 acceperunt,
1069 1147 1125 1177 ex
1161 1147 1310 1178 eorum
1361 1131 1627 1178 vanitate
1672 1136 1727 1178 et

258 1215 502 1262 levitate
535 1212 606 1275 qui
631 1227 744 1258 nova
767 1214 1110 1275 proposuerunt,
1146 1210 1408 1273 praesertim
1442 1210 1487 1255 in
1521 1209 1727 1273 philoso-

256 1293 390 1357 phiae
421 1289 638 1337 naturalis
672 1295 799 1352 parte
832 1288 977 1335 activa
1013 1294 1057 1334 et
1091 1280 1332 1352 operativa.
1412 1287 1572 1351 Neque
1609 1288 1726 1334 enim

258 1372 494 1419 defuerunt
552 1368 806 1416 homines
862 1366 1164 1429 vaniloqui
1226 1373 1280 1414 et
1342 1365 1726 1430 phantastici,

258 1450 368 1514 qui,
405 1448 565 1512 partim
589 1465 645 1495 ex
669 1446 950 1504 credulitate,
983 1445 1142 1508 partim
1168 1461 1226 1492 ex
1246 1445 1508 1508 impostura,
1544 1460 1726 1505 genus

255 1529 554 1575 humanum
603 1524 909 1588 promissis
958 1530 1304 1582 onerarunt,
1349 1524 1489 1589 ritae
1508 1523 1725 1588 prolon-

252 1608 536 1670 gationem,
574 1603 857 1654 senectutis
881 1602 1311 1660 retardationem,
1333 1602 1568 1649 dolorum
1587 1602 1723 1650 leva-

257 1687 465 1744 tionem,
501 1683 824 1732 naturalium
861 1682 1160 1743 defectuum
1183 1681 1588 1746 reparationem,
1611 1698 1724 1730 sen-

257 1781 406 1813 suum
436 1763 775 1827 deceptiones,
811 1761 1100 1825 affectuum
1135 1760 1410 1821 ligationes
1447 1767 1500 1807 et
1535 1760 1722 1809 incim-

255 1844 438 1900 tione-s,
476 1838 906 1889 intellectualium
929 1838 1268 1901 facultatum
1299 1838 1720 1899 illuminationes,

254 1921 667 1971 substantiarum
691 1918 1162 1966 transmutationes
1182 1925 1237 1965 et
1259 1925 1492 1965 motuum
1517 1919 1589 1965 ad
1608 1918 1723 1966 libi-

255 2009 368 2049 tum
385 1999 743 2047 roborationes
771 2004 825 2043 et
846 1996 1319 2059 multiplicationes,
1352 1996 1490 2043 ae'ris
1508 1996 1719 2060 impres-

255 2080 422 2128 siones
467 2085 522 2125 et
570 2076 937 2132 alterationes,
983 2075 1281 2121 coelestium
1322 2075 1718 2135 influentiarum

253 2157 587 2206 deductiones
624 2163 679 2203 et
711 2153 1143 2220 procurationes,
1190 2169 1367 2199 rerum
1392 2154 1718 2214 futurarum

253 2236 610 2292 divinationes,
645 2241 968 2280 remotarum
990 2231 1514 2296 repraesentationes,
1551 2232 1719 2280 occul-

253 2323 430 2363 tarum
459 2313 827 2371 ree-elationes,
872 2317 926 2357 et
971 2326 992 2355 a
1011 2311 1091 2355 lia
1136 2311 1430 2372 complura
1473 2310 1717 2373 pollici-

250 2401 305 2440 ta
320 2411 346 2439 n
359 2393 383 2438 d
397 2410 421 2438 o
456 2397 509 2439 et
557 2408 581 2438 o
594 2397 644 2438 st
660 2408 683 2437 e
695 2408 723 2436 n
737 2397 753 2437 t
767 2407 791 2436 a
803 2407 827 2436 n
841 2391 865 2436 d
879 2408 921 2438 o.
1001 2388 1169 2435 Verum
1213 2387 1266 2434 de
1298 2388 1398 2434 istis
1425 2388 1715 2451 largitoribus

250 2487 338 2517 non
375 2471 556 2516 multum
592 2470 865 2515 aberraverit
894 2469 968 2533 qui
1002 2465 1252 2514 istiusmodi
1289 2466 1505 2530 judiciuin
1538 2466 1714 2529 fecerit,

248 2555 417 2596 tantum
449 2548 653 2594 nimirum
693 2548 739 2593 in
773 2547 988 2594 doctrinis
1030 2545 1365 2610 philosophiae,
1406 2545 1525 2593 inter
1555 2546 1712 2593 horum

249 2627 466 2674 vanitates
491 2631 534 2672 et
556 2642 681 2672 veras
698 2632 816 2672 artes
844 2625 1077 2683 interesse,
1102 2629 1309 2686 quantum
1334 2624 1452 2671 inter
1470 2640 1542 2671 res
1562 2629 1711 2687 gestas

248 2705 383 2754 Julii
409 2705 646 2752 Caesaris
685 2708 761 2750 aut
791 2703 1087 2752 Alexandri
1115 2703 1328 2765 fflagni,
1369 2708 1414 2750 et
1453 2719 1525 2749 res
1560 2708 1710 2764 gestas

249 2783 509 2831 Amadicii
532 2799 598 2829 ex
637 2782 809 2829 Gallia
843 2787 918 2828 aut
953 2782 1181 2830 Arthuri
1210 2798 1276 2828 ex
1308 2780 1615 2839 Britannia,
1662 2781 1709 2827 in

248 2861 460 2907 historiae
481 2861 811 2906 narrationibus
835 2860 1025 2906 intersit.
1095 2859 1388 2905 Inveniuntur
1409 2858 1525 2904 enim
1547 2858 1711 2906 elaris-

247 2938 347 2985 simi
367 2939 432 2984 illi
453 2938 744 3003 imperatores
766 2955 813 2987 re
834 2953 938 2986 vera
961 2939 1128 3002 majora
1149 2935 1360 3001 gessisse,
1384 2951 1514 3000 quam
1533 2937 1710 2984 umbra-
