1947 3456
304 286 370 328 &O
811 276 1241 323 VERULAMII

306 400 668 461 validissimum,]
716 400 818 445 boc
853 406 945 458 est,
993 400 1232 462 propria
1268 400 1565 448 consessio
1602 408 1763 449 auto-

304 499 446 540 rum,
496 496 632 542 quos
679 477 936 524 homines
986 494 1135 524 nunc
1179 485 1509 541 sequuntur.
1579 480 1694 527 Nam
1720 486 1765 527 et

303 562 373 607 illi
406 560 480 622 qui
526 563 650 603 tanta
682 556 844 602 fiducia
875 556 927 602 de
958 557 1089 602 rebus
1134 558 1449 619 pronuntiant,
1504 564 1649 606 tamen
1686 574 1766 621 per

302 637 554 694 intervalla,
592 651 690 682 cum
712 635 764 681 ad
788 652 834 681 se
858 633 1060 694 redeunt,
1097 634 1149 680 ad
1176 636 1472 697 querimonias
1506 637 1559 684 de
1583 642 1767 683 naturae

303 716 566 774 subtilitate,
596 730 743 760 rerum
766 713 1055 771 obscuritate,
1091 712 1271 759 humani
1299 714 1466 775 ingenii
1492 715 1766 774 infirmitate,

303 813 350 842 se
383 797 659 841 convertunt.
730 791 831 838 Hoc
865 808 968 837 vero
995 791 1031 835 si
1063 791 1489 854 simpliciterfieret,
1526 795 1639 841 alios
1670 794 1767 840 sor-

301 882 419 921 tasse
436 908 449 932 ,
484 873 555 934 qui
577 877 678 916 suut
697 870 962 928 timidiores,
996 870 1049 915 ab
1082 870 1283 916 ulteriori
1305 872 1593 934 inquisitione
1617 871 1768 919 deter-

303 969 430 1010 rere,
475 951 587 996 alios
627 965 755 1006 vero,
806 949 879 1011 qui
928 955 1030 994 suut
1070 948 1250 1010 ingenio
1294 951 1504 997 alacriori
1542 956 1586 998 et
1624 949 1767 1012 magis

302 1030 471 1088 fidenti,
500 1028 552 1073 ad
576 1028 827 1073 ulteriorem
856 1043 1136 1089 progressum
1161 1044 1319 1075 acuere
1336 1035 1379 1075 et
1398 1030 1586 1076 incitare
1610 1028 1767 1092 possit.

302 1108 469 1155 Verum
501 1123 585 1151 non
618 1106 726 1151 satis
759 1105 852 1150 illis
887 1110 970 1164 est,
1009 1104 1062 1151 de
1100 1121 1147 1151 se
1186 1107 1416 1163 confiteri,
1453 1107 1530 1154 sed
1559 1104 1769 1170 quicquid

301 1187 385 1233 sibi
431 1185 542 1248 ipsis
587 1189 662 1229 aut
707 1184 931 1245 magistris
974 1183 1068 1229 suis
1113 1176 1389 1246 incognitum
1437 1190 1513 1232 aut
1551 1185 1768 1230 intactum

300 1265 451 1322 fuerit,
487 1263 531 1308 id
569 1268 698 1309 extra
735 1263 950 1308 terminos
976 1264 1256 1327 possz’bdzs·
1277 1269 1449 1327 ponunt
1485 1268 1529 1310 et
1558 1268 1768 1325 tanquam

301 1362 358 1391 ex
379 1341 680 1402 artecognitu
705 1347 781 1387 aut
798 1341 917 1388 factu
941 1342 1246 1406 impossibile
1270 1343 1575 1405 pronuntiant,
1597 1354 1767 1387 summa

299 1421 507 1486 superbia
550 1426 594 1466 et
636 1420 834 1479 invidia,
890 1437 1069 1466 suorum
1119 1421 1397 1466 inventorum
1447 1420 1766 1476 infirmitatem,

299 1504 344 1548 in
368 1507 551 1547 naturae
583 1499 722 1562 ipsius
755 1500 1022 1545 calumniam
1057 1507 1099 1544 et
1123 1498 1308 1544 aliorum
1340 1499 1533 1545 omnium
1555 1497 1768 1562 despera-

299 1582 462 1629 tionem
493 1583 730 1625 vertentes.

400 1704 522 1751 Hinc
546 1702 700 1748 schola
727 1699 980 1746 academiae
1020 1716 1189 1759 novae,
1229 1716 1339 1763 quae
1371 1699 1686 1764 acatalepsiam
1708 1715 1765 1745 ex

296 1784 497 1849 professo
519 1781 660 1828 tenuit
689 1784 732 1825 et
754 1779 953 1824 homines
982 1778 1034 1824 ad
1069 1779 1362 1842 sempiternas
1394 1780 1601 1826 tenebras
1639 1778 1767 1824 dam-

296 1863 432 1910 navit.
503 1860 623 1905 Hine
647 1857 814 1921 opinio,
849 1857 962 1920 quod
984 1857 1153 1904 formae
1181 1858 1273 1904 sive
1308 1874 1438 1905 verae
1461 1874 1611 1904 rerum
1635 1856 1768 1903 diffe-

296 1942 466 1989 rentiae
511 1940 640 2001 [quae
688 1953 736 1983 re
786 1952 891 1982 vera
938 1941 1040 1982 sunt
1084 1936 1208 1998 leges
1251 1942 1376 1983 actus
1416 1937 1535 2000 puri]
1584 1936 1766 1981 inventu

296 2018 595 2084 impossibiles
644 2015 734 2061 sint
785 2019 829 2060 et
877 2015 995 2059 ultra
1046 2014 1283 2062 hominem.
1367 2014 1488 2061 Hinc
1533 2013 1766 2077 opiniones

294 2100 400 2144 illae
422 2098 466 2142 in
505 2094 650 2141 activa
686 2098 729 2139 et
762 2093 991 2156 operativa
1021 2099 1164 2155 parte,
1197 2093 1392 2139 calorem
1424 2093 1534 2140 solis
1567 2098 1612 2139 et
1649 2091 1767 2154 ignis

294 2183 388 2224 toto
425 2190 588 2238 genere
621 2172 817 2230 differre,
854 2187 909 2218 ne
942 2172 1117 2217 scilicet
1149 2171 1349 2217 homines
1384 2176 1568 2234 putent,
1601 2187 1649 2217 se
1684 2186 1764 2232 per

297 2270 432 2318 opera
464 2253 608 2315 ignis,
668 2249 835 2314 aliquid
876 2249 1021 2296 simile
1068 2250 1151 2310 iis,
1192 2265 1303 2313 quae
1342 2249 1390 2295 in
1431 2255 1590 2296 natura
1630 2248 1758 2306 fiunt,

294 2335 481 2381 educere
513 2338 556 2378 et
587 2331 780 2377 formare
812 2344 960 2392 posse.
1044 2328 1165 2375 Hinc
1196 2327 1335 2387 illud,
1391 2326 1761 2390 compositionem

293 2418 458 2458 tantum
491 2426 599 2472 opus
622 2409 830 2466 hominis,
871 2407 1121 2454 mistionem
1150 2424 1251 2454 vero
1277 2423 1387 2470 opus
1409 2407 1550 2453 solius
1575 2410 1759 2452 naturae

294 2507 408 2549 esse,
445 2506 498 2536 ne
525 2489 699 2535 scilicet
729 2487 929 2533 homines
962 2491 1143 2548 sperent
1174 2487 1365 2550 aliquam
1389 2502 1445 2532 ex
1472 2490 1570 2531 arte
1601 2499 1759 2546 corpo-

294 2586 388 2615 rum
415 2568 681 2613 naturalium
704 2565 1035 2629 generatIOnem
1060 2570 1135 2611 aut
1165 2563 1619 2611 transformationem.

391 2681 599 2744 Itaque
637 2697 703 2727 ex
735 2680 841 2725 boc
876 2679 1047 2740 signo
1081 2679 1348 2727 homines
1379 2679 1495 2726 sibi
1529 2691 1770 2740 persua-

293 2762 416 2807 deri
463 2760 640 2806 facile
687 2758 1024 2821 patientur,
1072 2775 1163 2817 ne,
1218 2774 1317 2804 cum
1365 2755 1646 2818 dogmatibus
1679 2769 1769 2799 non

293 2841 435 2885 solum
460 2837 706 2901 desperatis
739 2835 816 2882 sed
847 2835 979 2881 etiam
1015 2835 1314 2898 desperationi
1350 2834 1540 2893 devotis,
1576 2832 1767 2879 fortu-

292 2934 394 2963 nas
429 2933 564 2965 suas
599 2921 655 2964 et
689 2915 928 2962 labores
967 2913 1266 2962 misceant.
