<?xml version="1.0" encoding="UTF-8"?>
<!DOCTYPE html PUBLIC "-//W3C//DTD XHTML 1.0 Transitional//EN"
    "http://www.w3.org/TR/xhtml1/DTD/xhtml1-transitional.dtd">
<html xmlns="http://www.w3.org/1999/xhtml" xml:lang="en" lang="en">
 <head>
  <title>
</title>
<meta http-equiv="Content-Type" content="text/html;charset=utf-8" />
  <meta name='ocr-system' content='tesseract 3.04.00' />
  <meta name='ocr-capabilities' content='ocr_page ocr_carea ocr_par ocr_line ocrx_word'/>
</head>
<body>
  <div class='ocr_page' id='page_1' title='image "./franciscibaconid01baco/franciscibaconid01baco_0025.png"; bbox 0 0 2064 3490; ppageno 0'>
   <div class='ocr_carea' id='block_1_1' title="bbox 448 279 1650 325">
    <p class='ocr_par' dir='ltr' id='par_1_1' title="bbox 448 279 1650 325">
     <span class='ocr_line' id='line_1_1' title="bbox 448 279 1650 325; baseline -0.002 -3"><span class='ocrx_word' id='word_1_1' title='bbox 448 281 792 322; x_wconf 75' lang='lat' dir='ltr'>DELINEATIO</span> <span class='ocrx_word' id='word_1_2' title='bbox 824 293 873 320; x_wconf 79' lang='grc' dir='ltr'>ΕΤ</span> <span class='ocrx_word' id='word_1_3' title='bbox 902 279 1314 321; x_wconf 72' lang='lat' dir='ltr'><strong>ARGUMENTUM.</strong></span> <span class='ocrx_word' id='word_1_4' title='bbox 1591 282 1650 325; x_wconf 83' lang='lat'>19</span> 
     </span>
    </p>
   </div>
   <div class='ocr_carea' id='block_1_2' title="bbox 166 393 1661 2948">
    <p class='ocr_par' dir='ltr' id='par_1_2' title="bbox 166 393 1646 543">
     <span class='ocr_line' id='line_1_2' title="bbox 171 393 1646 460; baseline -0.001 -15"><span class='ocrx_word' id='word_1_5' title='bbox 171 400 262 446; x_wconf 86' lang='lat' dir='ltr'>bito</span> <span class='ocrx_word' id='word_1_6' title='bbox 291 398 344 445; x_wconf 90' lang='lat' dir='ltr'>ad</span> <span class='ocrx_word' id='word_1_7' title='bbox 380 399 526 446; x_wconf 87' lang='lat' dir='ltr'>lucem</span> <span class='ocrx_word' id='word_1_8' title='bbox 560 398 649 445; x_wconf 89' lang='lat' dir='ltr'>situ</span> <span class='ocrx_word' id='word_1_9' title='bbox 683 397 777 444; x_wconf 89' lang='lat' dir='ltr'>sive</span> <span class='ocrx_word' id='word_1_10' title='bbox 814 393 1108 442; x_wconf 78' lang='lat' dir='ltr'>conversione</span> <span class='ocrx_word' id='word_1_11' title='bbox 1141 400 1361 458; x_wconf 89' lang='lat' dir='ltr'>ponatur,</span> <span class='ocrx_word' id='word_1_12' title='bbox 1408 401 1646 460; x_wconf 80' lang='lat' dir='ltr'>antequam</span> 
     </span>
     <span class='ocr_line' id='line_1_3' title="bbox 166 473 1526 543; baseline -0.004 -17"><span class='ocrx_word' id='word_1_13' title='bbox 166 479 282 526; x_wconf 88' lang='lat' dir='ltr'>lucis</span> <span class='ocrx_word' id='word_1_14' title='bbox 302 478 443 543; x_wconf 87' lang='lat' dir='ltr'>ipsius</span> <span class='ocrx_word' id='word_1_15' title='bbox 468 479 547 525; x_wconf 88' lang='lat' dir='ltr'>fiat</span> <span class='ocrx_word' id='word_1_16' title='bbox 571 476 813 534; x_wconf 82' lang='lat' dir='ltr'>immissi03</span> <span class='ocrx_word' id='word_1_17' title='bbox 851 490 1037 539; x_wconf 88' lang='lat' dir='ltr'>prorsus</span> <span class='ocrx_word' id='word_1_18' title='bbox 1059 475 1123 521; x_wconf 89' lang='lat' dir='ltr'>ita</span> <span class='ocrx_word' id='word_1_19' title='bbox 1144 480 1212 521; x_wconf 90' lang='lat' dir='ltr'>est</span> <span class='ocrx_word' id='word_1_20' title='bbox 1234 473 1526 539; x_wconf 88' lang='lat' dir='ltr'>operandum.</span> 
     </span>
    </p>

    <p class='ocr_par' dir='ltr' id='par_1_3' title="bbox 167 554 1649 927">
     <span class='ocr_line' id='line_1_4' title="bbox 270 554 1647 618; baseline -0.001 -13"><span class='ocrx_word' id='word_1_21' title='bbox 270 558 426 605; x_wconf 88' lang='lat' dir='ltr'>Primo</span> <span class='ocrx_word' id='word_1_22' title='bbox 464 558 581 605; x_wconf 89' lang='lat' dir='ltr'>enim</span> <span class='ocrx_word' id='word_1_23' title='bbox 617 556 833 603; x_wconf 88' lang='lat' dir='ltr'>mentis</span> <span class='ocrx_word' id='word_1_24' title='bbox 870 570 1002 602; x_wconf 88' lang='lat' dir='ltr'>area</span> <span class='ocrx_word' id='word_1_25' title='bbox 1040 554 1366 618; x_wconf 84' lang='lat' dir='ltr'>aequanda,</span> <span class='ocrx_word' id='word_1_26' title='bbox 1404 560 1458 602; x_wconf 88' lang='lat' dir='ltr'>et</span> <span class='ocrx_word' id='word_1_27' title='bbox 1492 555 1647 603; x_wconf 87' lang='lat' dir='ltr'>libe-</span> 
     </span>
     <span class='ocr_line' id='line_1_5' title="bbox 167 636 1648 701; baseline -0.001 -16"><span class='ocrx_word' id='word_1_28' title='bbox 167 638 344 685; x_wconf 89' lang='lat' dir='ltr'>randa</span> <span class='ocrx_word' id='word_1_29' title='bbox 382 640 437 685; x_wconf 89' lang='lat' dir='ltr'>ab</span> <span class='ocrx_word' id='word_1_30' title='bbox 468 638 560 698; x_wconf 85' lang='lat' dir='ltr'>eis,</span> <span class='ocrx_word' id='word_1_31' title='bbox 609 653 722 701; x_wconf 86' lang='lat' dir='ltr'>quae</span> <span class='ocrx_word' id='word_1_32' title='bbox 754 636 972 683; x_wconf 87' lang='lat' dir='ltr'>hactenus</span> <span class='ocrx_word' id='word_1_33' title='bbox 1009 640 1193 698; x_wconf 87' lang='lat' dir='ltr'>recepta</span> <span class='ocrx_word' id='word_1_34' title='bbox 1224 639 1351 693; x_wconf 84' lang='lat' dir='ltr'>sunt3</span> <span class='ocrx_word' id='word_1_35' title='bbox 1392 640 1485 681; x_wconf 92' lang='lat' dir='ltr'>tum</span> <span class='ocrx_word' id='word_1_36' title='bbox 1516 651 1648 683; x_wconf 89' lang='lat' dir='ltr'>con-</span> 
     </span>
     <span class='ocr_line' id='line_1_6' title="bbox 170 714 1649 779; baseline 0 -15"><span class='ocrx_word' id='word_1_37' title='bbox 170 718 368 766; x_wconf 78' lang='lat' dir='ltr'>versio</span> <span class='ocrx_word' id='word_1_38' title='bbox 403 717 611 765; x_wconf 90' lang='lat' dir='ltr'>mentis</span> <span class='ocrx_word' id='word_1_39' title='bbox 664 718 806 763; x_wconf 91' lang='lat' dir='ltr'>hona</span> <span class='ocrx_word' id='word_1_40' title='bbox 852 722 904 763; x_wconf 90' lang='lat' dir='ltr'>et</span> <span class='ocrx_word' id='word_1_41' title='bbox 950 730 1215 779; x_wconf 86' lang='lat' dir='ltr'>congrua</span> <span class='ocrx_word' id='word_1_42' title='bbox 1265 714 1544 762; x_wconf 87' lang='lat' dir='ltr'>facienda</span> <span class='ocrx_word' id='word_1_43' title='bbox 1580 722 1649 764; x_wconf 90' lang='lat' dir='ltr'>est</span> 
     </span>
     <span class='ocr_line' id='line_1_7' title="bbox 167 795 1649 863; baseline -0.001 -18"><span class='ocrx_word' id='word_1_44' title='bbox 167 798 221 845; x_wconf 88' lang='lat' dir='ltr'>ad</span> <span class='ocrx_word' id='word_1_45' title='bbox 245 815 327 859; x_wconf 86' lang='lat' dir='ltr'>ea,</span> <span class='ocrx_word' id='word_1_46' title='bbox 371 815 484 863; x_wconf 91' lang='lat' dir='ltr'>quae</span> <span class='ocrx_word' id='word_1_47' title='bbox 524 799 797 855; x_wconf 82' lang='lat' dir='ltr'>afferuntur3</span> <span class='ocrx_word' id='word_1_48' title='bbox 849 801 1074 860; x_wconf 88' lang='lat' dir='ltr'>postremo</span> <span class='ocrx_word' id='word_1_49' title='bbox 1119 795 1295 843; x_wconf 90' lang='lat' dir='ltr'>menti</span> <span class='ocrx_word' id='word_1_50' title='bbox 1331 810 1581 860; x_wconf 89' lang='lat' dir='ltr'>praepar</span> <span class='ocrx_word' id='word_1_51' title='bbox 1595 813 1649 843; x_wconf 90' lang='lat' dir='ltr'>a-</span> 
     </span>
     <span class='ocr_line' id='line_1_8' title="bbox 168 875 949 927; baseline -0.005 -1"><span class='ocrx_word' id='word_1_52' title='bbox 168 886 260 927; x_wconf 89' lang='lat' dir='ltr'>tae</span> <span class='ocrx_word' id='word_1_53' title='bbox 294 878 640 926; x_wconf 83' lang='lat' dir='ltr'><strong>informatio</strong></span> <span class='ocrx_word' id='word_1_54' title='bbox 677 875 949 924; x_wconf 80' lang='lat' dir='ltr'>exhibenda.</span> 
     </span>
    </p>

    <p class='ocr_par' dir='ltr' id='par_1_4' title="bbox 167 954 1661 2948">
     <span class='ocr_line' id='line_1_9' title="bbox 269 954 1649 1022; baseline -0.001 -17"><span class='ocrx_word' id='word_1_55' title='bbox 269 960 422 1022; x_wconf 81' lang='lat' dir='ltr'>Atque</span> <span class='ocrx_word' id='word_1_56' title='bbox 468 973 607 1021; x_wconf 87' lang='lat' dir='ltr'>pars</span> <span class='ocrx_word' id='word_1_57' title='bbox 669 955 980 1003; x_wconf 89' lang='lat' dir='ltr'>destruens</span> <span class='ocrx_word' id='word_1_58' title='bbox 1027 954 1196 1018; x_wconf 83' lang='lat' dir='ltr'>triplex</span> <span class='ocrx_word' id='word_1_59' title='bbox 1251 958 1318 1000; x_wconf 89' lang='lat' dir='ltr'>est</span> <span class='ocrx_word' id='word_1_60' title='bbox 1335 988 1350 1014; x_wconf 88' lang='lat'>,</span> <span class='ocrx_word' id='word_1_61' title='bbox 1403 955 1649 1003; x_wconf 86' lang='lat' dir='ltr'>seeundum</span> 
     </span>
     <span class='ocr_line' id='line_1_10' title="bbox 167 1035 1649 1103; baseline -0.001 -18"><span class='ocrx_word' id='word_1_62' title='bbox 167 1038 392 1103; x_wconf 75' lang='lat' dir='ltr'>triplicem</span> <span class='ocrx_word' id='word_1_63' title='bbox 427 1047 631 1084; x_wconf 88' lang='lat' dir='ltr'>naturam</span> <span class='ocrx_word' id='word_1_64' title='bbox 664 1036 988 1096; x_wconf 90' lang='lat' dir='ltr'>idolorum,</span> <span class='ocrx_word' id='word_1_65' title='bbox 1038 1049 1152 1098; x_wconf 89' lang='lat' dir='ltr'>quae</span> <span class='ocrx_word' id='word_1_66' title='bbox 1192 1040 1386 1082; x_wconf 86' lang='lat' dir='ltr'>mentem</span> <span class='ocrx_word' id='word_1_67' title='bbox 1428 1035 1649 1083; x_wconf 84' lang='lat' dir='ltr'>obsident.</span> 
     </span>
     <span class='ocr_line' id='line_1_11' title="bbox 167 1115 1653 1179; baseline -0.002 -14"><span class='ocrx_word' id='word_1_68' title='bbox 167 1118 257 1165; x_wconf 87' lang='lat' dir='ltr'>Illa</span> <span class='ocrx_word' id='word_1_69' title='bbox 288 1118 405 1166; x_wconf 90' lang='lat' dir='ltr'>enim</span> <span class='ocrx_word' id='word_1_70' title='bbox 431 1122 507 1164; x_wconf 88' lang='lat' dir='ltr'>aut</span> <span class='ocrx_word' id='word_1_71' title='bbox 531 1116 760 1163; x_wconf 86' lang='lat' dir='ltr'>adscititia</span> <span class='ocrx_word' id='word_1_72' title='bbox 786 1122 917 1175; x_wconf 83' lang='lat' dir='ltr'>sunt3</span> <span class='ocrx_word' id='word_1_73' title='bbox 956 1115 1091 1179; x_wconf 89' lang='lat' dir='ltr'>idque</span> <span class='ocrx_word' id='word_1_74' title='bbox 1118 1115 1390 1179; x_wconf 78' lang='lat' dir='ltr'>dupliciter,</span> <span class='ocrx_word' id='word_1_75' title='bbox 1441 1115 1653 1162; x_wconf 89' lang='lat' dir='ltr'>nimirum</span> 
     </span>
     <span class='ocr_line' id='line_1_12' title="bbox 169 1195 1653 1263; baseline -0.001 -18"><span class='ocrx_word' id='word_1_76' title='bbox 169 1215 281 1263; x_wconf 90' lang='lat' dir='ltr'>quae</span> <span class='ocrx_word' id='word_1_77' title='bbox 314 1198 629 1261; x_wconf 80' lang='lat' dir='ltr'>innnigrarunt</span> <span class='ocrx_word' id='word_1_78' title='bbox 659 1197 705 1243; x_wconf 91' lang='lat' dir='ltr'>in</span> <span class='ocrx_word' id='word_1_79' title='bbox 740 1204 932 1244; x_wconf 83' lang='lat' dir='ltr'>mentem</span> <span class='ocrx_word' id='word_1_80' title='bbox 969 1212 1154 1259; x_wconf 89' lang='lat' dir='ltr'>eamque</span> <span class='ocrx_word' id='word_1_81' title='bbox 1180 1201 1459 1260; x_wconf 86' lang='lat' dir='ltr'>occuparunt</span> <span class='ocrx_word' id='word_1_82' title='bbox 1491 1195 1559 1243; x_wconf 90' lang='lat' dir='ltr'>vel</span> <span class='ocrx_word' id='word_1_83' title='bbox 1596 1212 1653 1243; x_wconf 84' lang='lat' dir='ltr'>ex</span> 
     </span>
     <span class='ocr_line' id='line_1_13' title="bbox 167 1276 1656 1343; baseline -0.001 -17"><span class='ocrx_word' id='word_1_84' title='bbox 167 1279 537 1343; x_wconf 88' lang='lat' dir='ltr'>philosophorum</span> <span class='ocrx_word' id='word_1_85' title='bbox 560 1278 740 1341; x_wconf 89' lang='lat' dir='ltr'>placitis</span> <span class='ocrx_word' id='word_1_86' title='bbox 761 1284 894 1341; x_wconf 89' lang='lat' dir='ltr'>atque</span> <span class='ocrx_word' id='word_1_87' title='bbox 916 1276 1081 1335; x_wconf 80' lang='lat' dir='ltr'>sectis,</span> <span class='ocrx_word' id='word_1_88' title='bbox 1119 1276 1186 1322; x_wconf 79' lang='lat' dir='ltr'>vel</span> <span class='ocrx_word' id='word_1_89' title='bbox 1209 1293 1366 1323; x_wconf 89' lang='lat' dir='ltr'>rursus</span> <span class='ocrx_word' id='word_1_90' title='bbox 1391 1293 1449 1324; x_wconf 79' lang='lat' dir='ltr'>ex</span> <span class='ocrx_word' id='word_1_91' title='bbox 1473 1294 1656 1340; x_wconf 90' lang='lat' dir='ltr'>perver-</span> 
     </span>
     <span class='ocr_line' id='line_1_14' title="bbox 167 1355 1656 1424; baseline 0 -18"><span class='ocrx_word' id='word_1_92' title='bbox 167 1360 230 1406; x_wconf 85' lang='lat' dir='ltr'>sis</span> <span class='ocrx_word' id='word_1_93' title='bbox 253 1359 430 1422; x_wconf 85' lang='lat' dir='ltr'>legibus</span> <span class='ocrx_word' id='word_1_94' title='bbox 469 1363 514 1405; x_wconf 91' lang='lat' dir='ltr'>et</span> <span class='ocrx_word' id='word_1_95' title='bbox 536 1357 787 1405; x_wconf 85' lang='lat' dir='ltr'>rationibus</span> <span class='ocrx_word' id='word_1_96' title='bbox 817 1355 1273 1414; x_wconf 83' lang='lat' dir='ltr'>demonstrationum3</span> <span class='ocrx_word' id='word_1_97' title='bbox 1346 1362 1424 1404; x_wconf 86' lang='lat' dir='ltr'>aut</span> <span class='ocrx_word' id='word_1_98' title='bbox 1454 1373 1508 1404; x_wconf 86' lang='lat' dir='ltr'>ea</span> <span class='ocrx_word' id='word_1_99' title='bbox 1543 1375 1656 1424; x_wconf 85' lang='lat' dir='ltr'>quae</span> 
     </span>
     <span class='ocr_line' id='line_1_15' title="bbox 167 1436 1657 1503; baseline -0.002 -15"><span class='ocrx_word' id='word_1_100' title='bbox 167 1440 307 1488; x_wconf 90' lang='lat' dir='ltr'>menti</span> <span class='ocrx_word' id='word_1_101' title='bbox 333 1439 422 1503; x_wconf 91' lang='lat' dir='ltr'>ipsi</span> <span class='ocrx_word' id='word_1_102' title='bbox 451 1444 496 1485; x_wconf 87' lang='lat' dir='ltr'>et</span> <span class='ocrx_word' id='word_1_103' title='bbox 527 1438 804 1485; x_wconf 87' lang='lat' dir='ltr'>substantiae</span> <span class='ocrx_word' id='word_1_104' title='bbox 829 1437 928 1501; x_wconf 86' lang='lat' dir='ltr'>ejus</span> <span class='ocrx_word' id='word_1_105' title='bbox 966 1436 1252 1484; x_wconf 81' lang='lat' dir='ltr'>inhaerentia</span> <span class='ocrx_word' id='word_1_106' title='bbox 1281 1442 1386 1484; x_wconf 88' lang='lat' dir='ltr'>sunt</span> <span class='ocrx_word' id='word_1_107' title='bbox 1414 1442 1547 1501; x_wconf 89' lang='lat' dir='ltr'>atque</span> <span class='ocrx_word' id='word_1_108' title='bbox 1581 1439 1657 1485; x_wconf 89' lang='lat' dir='ltr'>iu-</span> 
     </span>
     <span class='ocr_line' id='line_1_16' title="bbox 167 1516 1656 1581; baseline -0.001 -14"><span class='ocrx_word' id='word_1_109' title='bbox 167 1525 290 1567; x_wconf 88' lang='lat' dir='ltr'>nata.</span> <span class='ocrx_word' id='word_1_110' title='bbox 338 1518 515 1567; x_wconf 86' lang='lat' dir='ltr'>Sicut</span> <span class='ocrx_word' id='word_1_111' title='bbox 549 1518 694 1565; x_wconf 90' lang='lat' dir='ltr'>enim</span> <span class='ocrx_word' id='word_1_112' title='bbox 733 1516 1030 1581; x_wconf 87' lang='lat' dir='ltr'>speculum</span> <span class='ocrx_word' id='word_1_113' title='bbox 1067 1517 1306 1581; x_wconf 83' lang='lat' dir='ltr'>inaequale</span> <span class='ocrx_word' id='word_1_114' title='bbox 1343 1533 1472 1565; x_wconf 86' lang='lat' dir='ltr'>veros</span> <span class='ocrx_word' id='word_1_115' title='bbox 1507 1535 1656 1566; x_wconf 87' lang='lat' dir='ltr'>rerum</span> 
     </span>
     <span class='ocr_line' id='line_1_17' title="bbox 169 1597 1656 1662; baseline -0.001 -15"><span class='ocrx_word' id='word_1_116' title='bbox 169 1600 321 1647; x_wconf 90' lang='lat' dir='ltr'>radios</span> <span class='ocrx_word' id='word_1_117' title='bbox 363 1616 421 1646; x_wconf 86' lang='lat' dir='ltr'>ex</span> <span class='ocrx_word' id='word_1_118' title='bbox 464 1598 666 1645; x_wconf 87' lang='lat' dir='ltr'>sectione</span> <span class='ocrx_word' id='word_1_119' title='bbox 700 1597 887 1661; x_wconf 87' lang='lat' dir='ltr'>propria</span> <span class='ocrx_word' id='word_1_120' title='bbox 932 1597 1168 1657; x_wconf 88' lang='lat' dir='ltr'>immutat,</span> <span class='ocrx_word' id='word_1_121' title='bbox 1224 1597 1308 1644; x_wconf 89' lang='lat' dir='ltr'>ita</span> <span class='ocrx_word' id='word_1_122' title='bbox 1368 1602 1423 1645; x_wconf 89' lang='lat' dir='ltr'>et</span> <span class='ocrx_word' id='word_1_123' title='bbox 1479 1615 1600 1646; x_wconf 91' lang='lat' dir='ltr'>men</span> <span class='ocrx_word' id='word_1_124' title='bbox 1617 1617 1656 1662; x_wconf 90' lang='lat' dir='ltr'>s,</span> 
     </span>
     <span class='ocr_line' id='line_1_18' title="bbox 168 1676 1658 1746; baseline 0 -19"><span class='ocrx_word' id='word_1_125' title='bbox 168 1679 345 1746; x_wconf 89' lang='lat' dir='ltr'>quando</span> <span class='ocrx_word' id='word_1_126' title='bbox 368 1695 394 1726; x_wconf 88' lang='lat' dir='ltr'>a</span> <span class='ocrx_word' id='word_1_127' title='bbox 418 1679 551 1726; x_wconf 91' lang='lat' dir='ltr'>rehus</span> <span class='ocrx_word' id='word_1_128' title='bbox 575 1695 655 1742; x_wconf 87' lang='lat' dir='ltr'>per</span> <span class='ocrx_word' id='word_1_129' title='bbox 676 1694 853 1725; x_wconf 90' lang='lat' dir='ltr'>sensum</span> <span class='ocrx_word' id='word_1_130' title='bbox 889 1677 1088 1740; x_wconf 86' lang='lat' dir='ltr'>patitur,</span> <span class='ocrx_word' id='word_1_131' title='bbox 1136 1676 1182 1722; x_wconf 91' lang='lat' dir='ltr'>in</span> <span class='ocrx_word' id='word_1_132' title='bbox 1210 1677 1404 1725; x_wconf 82' lang='lat' dir='ltr'>motibus</span> <span class='ocrx_word' id='word_1_133' title='bbox 1439 1679 1534 1726; x_wconf 90' lang='lat' dir='ltr'>suis</span> <span class='ocrx_word' id='word_1_134' title='bbox 1571 1696 1658 1727; x_wconf 82' lang='lat' dir='ltr'>ex·</span> 
     </span>
     <span class='ocr_line' id='line_1_19' title="bbox 167 1756 1658 1826; baseline 0 -17"><span class='ocrx_word' id='word_1_135' title='bbox 167 1759 421 1826; x_wconf 89' lang='lat' dir='ltr'>pediendis,</span> <span class='ocrx_word' id='word_1_136' title='bbox 454 1759 573 1806; x_wconf 84' lang='lat' dir='ltr'>haud</span> <span class='ocrx_word' id='word_1_137' title='bbox 598 1775 819 1823; x_wconf 86' lang='lat' dir='ltr'>quaquam</span> <span class='ocrx_word' id='word_1_138' title='bbox 843 1757 1013 1822; x_wconf 87' lang='lat' dir='ltr'>optima</span> <span class='ocrx_word' id='word_1_139' title='bbox 1034 1756 1137 1817; x_wconf 86' lang='lat' dir='ltr'>fide,</span> <span class='ocrx_word' id='word_1_140' title='bbox 1157 1773 1305 1803; x_wconf 90' lang='lat' dir='ltr'>rerum</span> <span class='ocrx_word' id='word_1_141' title='bbox 1323 1763 1512 1807; x_wconf 85' lang='lat' dir='ltr'>naturae</span> <span class='ocrx_word' id='word_1_142' title='bbox 1532 1777 1658 1809; x_wconf 88' lang='lat' dir='ltr'>suam</span> 
     </span>
     <span class='ocr_line' id='line_1_20' title="bbox 168 1836 1661 1904; baseline 0.001 -16"><span class='ocrx_word' id='word_1_143' title='bbox 168 1847 375 1888; x_wconf 88' lang='lat' dir='ltr'>naturam</span> <span class='ocrx_word' id='word_1_144' title='bbox 394 1839 554 1887; x_wconf 88' lang='lat' dir='ltr'>inserit</span> <span class='ocrx_word' id='word_1_145' title='bbox 586 1846 630 1887; x_wconf 87' lang='lat' dir='ltr'>et</span> <span class='ocrx_word' id='word_1_146' title='bbox 654 1840 889 1886; x_wconf 80' lang='lat' dir='ltr'>immiscet.</span> <span class='ocrx_word' id='word_1_147' title='bbox 962 1837 1120 1901; x_wconf 88' lang='lat' dir='ltr'>Itaque</span> <span class='ocrx_word' id='word_1_148' title='bbox 1158 1836 1376 1900; x_wconf 89' lang='lat' dir='ltr'>primus</span> <span class='ocrx_word' id='word_1_149' title='bbox 1412 1839 1661 1904; x_wconf 86' lang='lat' dir='ltr'>imponitur</span> 
     </span>
     <span class='ocr_line' id='line_1_21' title="bbox 168 1916 1657 1982; baseline 0.001 -14"><span class='ocrx_word' id='word_1_150' title='bbox 168 1922 370 1980; x_wconf 89' lang='lat' dir='ltr'>lahor,</span> <span class='ocrx_word' id='word_1_151' title='bbox 409 1920 625 1967; x_wconf 81' lang='lat' dir='ltr'>utomnis</span> <span class='ocrx_word' id='word_1_152' title='bbox 645 1920 733 1967; x_wconf 87' lang='lat' dir='ltr'>ista</span> <span class='ocrx_word' id='word_1_153' title='bbox 754 1919 915 1965; x_wconf 86' lang='lat' dir='ltr'>militia</span> <span class='ocrx_word' id='word_1_154' title='bbox 946 1916 1211 1965; x_wconf 87' lang='lat' dir='ltr'>theoriar</span> <span class='ocrx_word' id='word_1_155' title='bbox 1225 1933 1329 1978; x_wconf 91' lang='lat' dir='ltr'>um,</span> <span class='ocrx_word' id='word_1_156' title='bbox 1367 1935 1480 1982; x_wconf 89' lang='lat' dir='ltr'>quae</span> <span class='ocrx_word' id='word_1_157' title='bbox 1508 1927 1657 1970; x_wconf 90' lang='lat' dir='ltr'>tantas</span> 
     </span>
     <span class='ocr_line' id='line_1_22' title="bbox 168 1997 1659 2065; baseline 0.001 -16"><span class='ocrx_word' id='word_1_158' title='bbox 168 2001 292 2049; x_wconf 90' lang='lat' dir='ltr'>dedit</span> <span class='ocrx_word' id='word_1_159' title='bbox 312 2017 511 2065; x_wconf 86' lang='lat' dir='ltr'>pugnas,</span> <span class='ocrx_word' id='word_1_160' title='bbox 546 2001 750 2047; x_wconf 89' lang='lat' dir='ltr'>mittatur</span> <span class='ocrx_word' id='word_1_161' title='bbox 771 2016 824 2046; x_wconf 87' lang='lat' dir='ltr'>ac</span> <span class='ocrx_word' id='word_1_162' title='bbox 847 1999 1090 2062; x_wconf 84' lang='lat' dir='ltr'>relegetur.</span> <span class='ocrx_word' id='word_1_163' title='bbox 1134 1997 1330 2045; x_wconf 82' lang='lat' dir='ltr'>Accedit</span> <span class='ocrx_word' id='word_1_164' title='bbox 1367 1998 1536 2048; x_wconf 87' lang='lat' dir='ltr'>lahor</span> <span class='ocrx_word' id='word_1_165' title='bbox 1572 2019 1659 2050; x_wconf 88' lang='lat' dir='ltr'>se·-</span> 
     </span>
     <span class='ocr_line' id='line_1_23' title="bbox 170 2077 1659 2145; baseline 0 -16"><span class='ocrx_word' id='word_1_166' title='bbox 170 2081 421 2142; x_wconf 86' lang='lat' dir='ltr'>eundus,</span> <span class='ocrx_word' id='word_1_167' title='bbox 458 2087 507 2128; x_wconf 90' lang='lat' dir='ltr'>ut</span> <span class='ocrx_word' id='word_1_168' title='bbox 532 2097 655 2128; x_wconf 87' lang='lat' dir='ltr'>meus</span> <span class='ocrx_word' id='word_1_169' title='bbox 675 2098 699 2128; x_wconf 90' lang='lat' dir='ltr'>e</span> <span class='ocrx_word' id='word_1_170' title='bbox 720 2079 871 2145; x_wconf 87' lang='lat' dir='ltr'>pravis</span> <span class='ocrx_word' id='word_1_171' title='bbox 903 2077 1473 2127; x_wconf 85' lang='lat' dir='ltr'>demonstrationum</span> <span class='ocrx_word' id='word_1_172' title='bbox 1502 2081 1659 2129; x_wconf 86' lang='lat' dir='ltr'>vincu-</span> 
     </span>
     <span class='ocr_line' id='line_1_24' title="bbox 168 2158 1658 2225; baseline 0 -15"><span class='ocrx_word' id='word_1_173' title='bbox 168 2164 226 2210; x_wconf 90' lang='lat' dir='ltr'>lis</span> <span class='ocrx_word' id='word_1_174' title='bbox 250 2162 468 2210; x_wconf 85' lang='lat' dir='ltr'>solvatur.</span> <span class='ocrx_word' id='word_1_175' title='bbox 514 2161 651 2208; x_wconf 85' lang='lat' dir='ltr'>Hune</span> <span class='ocrx_word' id='word_1_176' title='bbox 676 2161 850 2225; x_wconf 85' lang='lat' dir='ltr'>excipit</span> <span class='ocrx_word' id='word_1_177' title='bbox 874 2160 1113 2219; x_wconf 87' lang='lat' dir='ltr'>tertius,</span> <span class='ocrx_word' id='word_1_178' title='bbox 1152 2164 1200 2205; x_wconf 90' lang='lat' dir='ltr'>ut</span> <span class='ocrx_word' id='word_1_179' title='bbox 1238 2158 1324 2205; x_wconf 86' lang='lat' dir='ltr'>vis</span> <span class='ocrx_word' id='word_1_180' title='bbox 1356 2159 1475 2208; x_wconf 88' lang='lat' dir='ltr'>ista</span> <span class='ocrx_word' id='word_1_181' title='bbox 1511 2179 1658 2210; x_wconf 91' lang='lat' dir='ltr'>men-</span> 
     </span>
     <span class='ocr_line' id='line_1_25' title="bbox 170 2238 1659 2304; baseline -0.001 -13"><span class='ocrx_word' id='word_1_182' title='bbox 170 2244 246 2291; x_wconf 91' lang='lat' dir='ltr'>tis</span> <span class='ocrx_word' id='word_1_183' title='bbox 283 2241 631 2290; x_wconf 88' lang='lat' dir='ltr'>seductoria</span> <span class='ocrx_word' id='word_1_184' title='bbox 667 2245 959 2301; x_wconf 70' lang='lat' dir='ltr'>coerceatur,</span> <span class='ocrx_word' id='word_1_185' title='bbox 1017 2246 1150 2304; x_wconf 89' lang='lat' dir='ltr'>atque</span> <span class='ocrx_word' id='word_1_186' title='bbox 1195 2238 1319 2286; x_wconf 88' lang='lat' dir='ltr'>idola</span> <span class='ocrx_word' id='word_1_187' title='bbox 1350 2239 1538 2303; x_wconf 85' lang='lat' dir='ltr'>innata,</span> <span class='ocrx_word' id='word_1_188' title='bbox 1588 2244 1659 2290; x_wconf 87' lang='lat' dir='ltr'>vel</span> 
     </span>
     <span class='ocr_line' id='line_1_26' title="bbox 169 2320 1660 2386; baseline -0.001 -15"><span class='ocrx_word' id='word_1_189' title='bbox 169 2324 445 2383; x_wconf 84' lang='lat' dir='ltr'>evellantur,</span> <span class='ocrx_word' id='word_1_190' title='bbox 487 2322 583 2382; x_wconf 88' lang='lat' dir='ltr'>vel,</span> <span class='ocrx_word' id='word_1_191' title='bbox 622 2321 662 2368; x_wconf 88' lang='lat' dir='ltr'>si</span> <span class='ocrx_word' id='word_1_192' title='bbox 685 2322 820 2369; x_wconf 90' lang='lat' dir='ltr'>evelli</span> <span class='ocrx_word' id='word_1_193' title='bbox 840 2338 930 2368; x_wconf 90' lang='lat' dir='ltr'>non</span> <span class='ocrx_word' id='word_1_194' title='bbox 954 2322 1156 2386; x_wconf 83' lang='lat' dir='ltr'>possint,</span> <span class='ocrx_word' id='word_1_195' title='bbox 1188 2320 1252 2367; x_wconf 87' lang='lat' dir='ltr'>ita</span> <span class='ocrx_word' id='word_1_196' title='bbox 1281 2327 1431 2369; x_wconf 89' lang='lat' dir='ltr'>tamen</span> <span class='ocrx_word' id='word_1_197' title='bbox 1450 2322 1660 2370; x_wconf 89' lang='lat' dir='ltr'>indicen-</span> 
     </span>
     <span class='ocr_line' id='line_1_27' title="bbox 171 2400 1659 2466; baseline 0.001 -16"><span class='ocrx_word' id='word_1_198' title='bbox 171 2411 245 2450; x_wconf 89' lang='lat' dir='ltr'>tur</span> <span class='ocrx_word' id='word_1_199' title='bbox 279 2407 410 2466; x_wconf 90' lang='lat' dir='ltr'>atque</span> <span class='ocrx_word' id='word_1_200' title='bbox 441 2409 802 2465; x_wconf 86' lang='lat' dir='ltr'>pernoscantur,</span> <span class='ocrx_word' id='word_1_201' title='bbox 853 2408 902 2449; x_wconf 85' lang='lat' dir='ltr'>ut</span> <span class='ocrx_word' id='word_1_202' title='bbox 935 2401 1209 2448; x_wconf 82' lang='lat' dir='ltr'>variationes</span> <span class='ocrx_word' id='word_1_203' title='bbox 1249 2400 1429 2448; x_wconf 88' lang='lat' dir='ltr'>restitui</span> <span class='ocrx_word' id='word_1_204' title='bbox 1468 2403 1659 2466; x_wconf 91' lang='lat' dir='ltr'>possint.</span> 
     </span>
     <span class='ocr_line' id='line_1_28' title="bbox 170 2481 1660 2547; baseline -0.001 -16"><span class='ocrx_word' id='word_1_205' title='bbox 170 2482 352 2531; x_wconf 88' lang='lat' dir='ltr'>Inutilis</span> <span class='ocrx_word' id='word_1_206' title='bbox 379 2481 498 2529; x_wconf 89' lang='lat' dir='ltr'>enim</span> <span class='ocrx_word' id='word_1_207' title='bbox 519 2487 564 2529; x_wconf 92' lang='lat' dir='ltr'>et</span> <span class='ocrx_word' id='word_1_208' title='bbox 589 2481 783 2529; x_wconf 88' lang='lat' dir='ltr'>fortasse</span> <span class='ocrx_word' id='word_1_209' title='bbox 807 2481 1021 2529; x_wconf 89' lang='lat' dir='ltr'>damnosa</span> <span class='ocrx_word' id='word_1_210' title='bbox 1040 2481 1062 2527; x_wconf 86' lang='lat' dir='ltr'>s</span> <span class='ocrx_word' id='word_1_211' title='bbox 1063 2481 1177 2528; x_wconf 84' lang='lat' dir='ltr'>uerit</span> <span class='ocrx_word' id='word_1_212' title='bbox 1203 2497 1405 2528; x_wconf 87' lang='lat' dir='ltr'>errorum</span> <span class='ocrx_word' id='word_1_213' title='bbox 1429 2482 1475 2529; x_wconf 91' lang='lat' dir='ltr'>in</span> <span class='ocrx_word' id='word_1_214' title='bbox 1505 2483 1660 2547; x_wconf 89' lang='lat' dir='ltr'>philo-</span> 
     </span>
     <span class='ocr_line' id='line_1_29' title="bbox 169 2561 1659 2627; baseline 0.001 -17"><span class='ocrx_word' id='word_1_215' title='bbox 169 2562 342 2627; x_wconf 87' lang='lat' dir='ltr'>sophiis</span> <span class='ocrx_word' id='word_1_216' title='bbox 371 2561 602 2610; x_wconf 87' lang='lat' dir='ltr'>demolitio</span> <span class='ocrx_word' id='word_1_217' title='bbox 633 2569 678 2610; x_wconf 89' lang='lat' dir='ltr'>et</span> <span class='ocrx_word' id='word_1_218' title='bbox 712 2562 986 2624; x_wconf 85' lang='lat' dir='ltr'>destructio,</span> <span class='ocrx_word' id='word_1_219' title='bbox 1023 2562 1063 2609; x_wconf 92' lang='lat' dir='ltr'>si</span> <span class='ocrx_word' id='word_1_220' title='bbox 1088 2578 1145 2608; x_wconf 77' lang='lat' dir='ltr'>ex</span> <span class='ocrx_word' id='word_1_221' title='bbox 1167 2577 1305 2625; x_wconf 87' lang='lat' dir='ltr'>prava</span> <span class='ocrx_word' id='word_1_222' title='bbox 1343 2563 1659 2627; x_wconf 78' lang='lat' dir='ltr'>complexione</span> 
     </span>
     <span class='ocr_line' id='line_1_30' title="bbox 171 2641 1659 2708; baseline 0.001 -18"><span class='ocrx_word' id='word_1_223' title='bbox 171 2642 358 2702; x_wconf 89' lang='lat' dir='ltr'>mentis,</span> <span class='ocrx_word' id='word_1_224' title='bbox 395 2643 501 2690; x_wconf 89' lang='lat' dir='ltr'>novi</span> <span class='ocrx_word' id='word_1_225' title='bbox 526 2659 728 2690; x_wconf 90' lang='lat' dir='ltr'>errorum</span> <span class='ocrx_word' id='word_1_226' title='bbox 754 2643 925 2690; x_wconf 87' lang='lat' dir='ltr'>surculi</span> <span class='ocrx_word' id='word_1_227' title='bbox 955 2648 1000 2690; x_wconf 87' lang='lat' dir='ltr'>et</span> <span class='ocrx_word' id='word_1_228' title='bbox 1031 2641 1223 2690; x_wconf 81' lang='lat' dir='ltr'>fortasse</span> <span class='ocrx_word' id='word_1_229' title='bbox 1245 2643 1388 2706; x_wconf 82' lang='lat' dir='ltr'>magis</span> <span class='ocrx_word' id='word_1_230' title='bbox 1413 2643 1659 2708; x_wconf 81' lang='lat' dir='ltr'>degeneres</span> 
     </span>
     <span class='ocr_line' id='line_1_31' title="bbox 169 2721 1658 2787; baseline -0.001 -16"><span class='ocrx_word' id='word_1_231' title='bbox 169 2723 518 2787; x_wconf 78' lang='lat' dir='ltr'>pullulaverint3</span> <span class='ocrx_word' id='word_1_232' title='bbox 554 2740 697 2787; x_wconf 88' lang='lat' dir='ltr'>neque</span> <span class='ocrx_word' id='word_1_233' title='bbox 718 2724 842 2787; x_wconf 89' lang='lat' dir='ltr'>prius</span> <span class='ocrx_word' id='word_1_234' title='bbox 867 2721 1199 2783; x_wconf 85' lang='lat' dir='ltr'>absistendum,</span> <span class='ocrx_word' id='word_1_235' title='bbox 1235 2739 1365 2787; x_wconf 88' lang='lat' dir='ltr'>quam</span> <span class='ocrx_word' id='word_1_236' title='bbox 1389 2724 1533 2771; x_wconf 91' lang='lat' dir='ltr'>omnis</span> <span class='ocrx_word' id='word_1_237' title='bbox 1554 2740 1658 2787; x_wconf 89' lang='lat' dir='ltr'>spes</span> 
     </span>
     <span class='ocr_line' id='line_1_32' title="bbox 170 2802 1660 2867; baseline -0.001 -16"><span class='ocrx_word' id='word_1_238' title='bbox 170 2802 460 2867; x_wconf 84' lang='lat' dir='ltr'>praecidatur</span> <span class='ocrx_word' id='word_1_239' title='bbox 485 2820 543 2851; x_wconf 78' lang='lat' dir='ltr'>ex</span> <span class='ocrx_word' id='word_1_240' title='bbox 566 2820 648 2851; x_wconf 88' lang='lat' dir='ltr'>usu</span> <span class='ocrx_word' id='word_1_241' title='bbox 670 2803 859 2850; x_wconf 84' lang='lat' dir='ltr'>rationis</span> <span class='ocrx_word' id='word_1_242' title='bbox 885 2804 1136 2864; x_wconf 87' lang='lat' dir='ltr'>communi,</span> <span class='ocrx_word' id='word_1_243' title='bbox 1175 2809 1252 2850; x_wconf 86' lang='lat' dir='ltr'>aut</span> <span class='ocrx_word' id='word_1_244' title='bbox 1279 2821 1336 2851; x_wconf 82' lang='lat' dir='ltr'>ex</span> <span class='ocrx_word' id='word_1_245' title='bbox 1363 2803 1560 2866; x_wconf 81' lang='lat' dir='ltr'>vulgaris</span> <span class='ocrx_word' id='word_1_246' title='bbox 1585 2804 1660 2850; x_wconf 90' lang='lat' dir='ltr'>lo-</span> 
     </span>
     <span class='ocr_line' id='line_1_33' title="bbox 170 2882 1661 2948; baseline 0 -17"><span class='ocrx_word' id='word_1_247' title='bbox 170 2884 299 2946; x_wconf 82' lang='lat' dir='ltr'>gicae</span> <span class='ocrx_word' id='word_1_248' title='bbox 318 2884 559 2948; x_wconf 85' lang='lat' dir='ltr'>praesidiis</span> <span class='ocrx_word' id='word_1_249' title='bbox 585 2890 630 2931; x_wconf 91' lang='lat' dir='ltr'>et</span> <span class='ocrx_word' id='word_1_250' title='bbox 654 2883 839 2931; x_wconf 78' lang='lat' dir='ltr'>auxiliis</span> <span class='ocrx_word' id='word_1_251' title='bbox 867 2883 1183 2947; x_wconf 83' lang='lat' dir='ltr'>philosophiae</span> <span class='ocrx_word' id='word_1_252' title='bbox 1215 2882 1541 2942; x_wconf 88' lang='lat' dir='ltr'>absolvendae,</span> <span class='ocrx_word' id='word_1_253' title='bbox 1584 2889 1661 2932; x_wconf 90' lang='lat' dir='ltr'>aut</span> 
     </span>
    </p>
   </div>
   <div class='ocr_carea' id='block_1_3' title="bbox 169 2962 1663 3081">
    <p class='ocr_par' dir='ltr' id='par_1_5' title="bbox 169 2962 1663 3081">
     <span class='ocr_line' id='line_1_34' title="bbox 169 2962 1663 3028; baseline 0.002 -20"><span class='ocrx_word' id='word_1_254' title='bbox 169 2962 385 3026; x_wconf 87' lang='lat' dir='ltr'>majorem</span> <span class='ocrx_word' id='word_1_255' title='bbox 414 2964 462 3012; x_wconf 90' lang='lat' dir='ltr'>in</span> <span class='ocrx_word' id='word_1_256' title='bbox 501 2965 680 3013; x_wconf 90' lang='lat' dir='ltr'>modum</span> <span class='ocrx_word' id='word_1_257' title='bbox 713 2962 1088 3028; x_wconf 88' lang='lat' dir='ltr'>amplificandae,</span> <span class='ocrx_word' id='word_1_258' title='bbox 1122 2978 1179 3008; x_wconf 90' lang='lat' dir='ltr'>ne</span> <span class='ocrx_word' id='word_1_259' title='bbox 1203 2962 1320 3009; x_wconf 88' lang='lat' dir='ltr'>sorte</span> <span class='ocrx_word' id='word_1_260' title='bbox 1354 2977 1533 3011; x_wconf 88' lang='lat' dir='ltr'>errores</span> <span class='ocrx_word' id='word_1_261' title='bbox 1573 2979 1663 3011; x_wconf 88' lang='lat' dir='ltr'>non</span> 
     </span>
     <span class='ocr_line' id='line_1_35' title="bbox 1371 3037 1436 3081; baseline 0 -17"><span class='ocrx_word' id='word_1_262' title='bbox 1371 3037 1436 3081; x_wconf 57' lang='lat'>222·</span> 
     </span>
    </p>
   </div>
  </div>
 </body>
</html>
