2064 3490
591 299 847 346 NOVUM
895 300 1274 347 ORGANUM.
1612 303 1678 352 (37

200 424 246 467 et
263 436 610 486 praeproperam
632 422 888 469 intellectus
913 420 1244 470 festinationem
1268 427 1313 470 et
1333 424 1514 487 saltum,
1548 428 1679 476 vola-

199 504 291 545 tum
315 499 368 545 ad
390 501 620 563 generalia
648 505 692 547 et
715 516 862 547 reruni
887 500 1129 564 principia,
1165 502 1281 563 fore,
1311 508 1361 551 ut
1393 520 1602 568 magnum
1622 509 1677 556 ab

198 578 454 642 hujusmodi
496 579 795 643 philosophiis
845 579 1096 644 periculum
1134 580 1391 643 immineat3
1437 584 1512 632 cui
1559 587 1676 633 malo

201 659 335 706 etiam
371 675 491 707 nunc
528 659 701 707 obviam
739 658 806 707 ire
844 659 1073 708 debemus.

857 783 1016 833 LXV.

301 873 376 922 At
417 875 724 940 corruptio
771 874 1186 940 philosophiae
1235 894 1313 926 ea:
1359 882 1681 944 supersti-

201 955 380 1003 tione
424 960 469 1002 et
509 954 740 1017 theologia
785 953 1002 1015 admista,
1046 956 1182 1002 latius
1218 957 1398 1004 omnino
1440 964 1593 1022 patet,
1636 966 1681 1008 et

197 1034 438 1098 plurimum
473 1033 578 1079 mali
613 1033 778 1093 infert,
817 1039 893 1081 aut
921 1034 968 1080 in
999 1034 1311 1098 philosophias
1341 1037 1569 1100 integras,
1606 1046 1683 1086 aut

197 1113 246 1159 in
279 1128 431 1160 earum
459 1119 628 1176 partes.
699 1112 933 1161 Humanus
970 1115 1086 1161 enim
1119 1114 1378 1162 intellectus
1411 1133 1501 1164 non
1534 1119 1681 1166 minus

196 1192 567 1257 impressionibus
589 1192 853 1256 phantasiae
887 1198 956 1240 est
989 1193 1227 1254 obnoxius,
1267 1211 1397 1258 quam
1418 1195 1683 1261 impressic-

198 1273 331 1319 nibus
366 1272 615 1336 vulgarium
638 1272 885 1321 notionum.
956 1271 1152 1336 Pugnax
1176 1273 1291 1320 enim
1314 1291 1454 1337 genus
1476 1277 1684 1340 philoso-

198 1352 332 1417 phiae
367 1357 412 1399 et
439 1352 733 1416 sophisticum
765 1352 984 1415 illaqueat
1002 1351 1308 1412 intellectum3
1342 1359 1388 1400 at
1420 1354 1534 1402 illud
1566 1358 1684 1404 alte-

197 1449 295 1479 rum
329 1431 657 1495 phantasticum
696 1437 740 1479 et
767 1431 983 1478 tumidum
1014 1436 1058 1479 et
1089 1432 1216 1495 quasi
1246 1433 1490 1496 poeticum,
1540 1438 1682 1500 magis

197 1511 428 1560 blanditur
446 1511 716 1558 intellectui.
754 1509 880 1557 Inest
900 1511 1016 1557 enim
1040 1511 1209 1558 homini
1233 1512 1448 1575 quaedam
1472 1515 1685 1564 intellec-

197 1597 272 1639 tus
292 1591 495 1651 ambitio,
525 1607 613 1637 non
637 1591 783 1637 minor
807 1606 939 1654 quam
955 1591 1217 1652 voluntatis,
1251 1594 1514 1656 praesertin..
1541 1595 1587 1641 in
1610 1596 1685 1642 in-

197 1670 343 1735 geniis
367 1670 471 1717 altis
497 1675 542 1717 et
563 1670 764 1718 elevatis.

299 1750 451 1816 Hujus
473 1756 619 1797 autem
642 1750 822 1814 generis
848 1751 1102 1815 exemplum
1128 1751 1248 1799 inter
1268 1749 1472 1801 Graecos
1496 1754 1686 1803 illuces-

199 1830 280 1891 cit,
316 1830 558 1894 praecipue
579 1831 635 1879 in
655 1831 982 1895 Pythagora,
1019 1830 1098 1878 sed
1119 1848 1220 1878 cum
1243 1833 1564 1895 superstitione
1588 1851 1686 1881 ma-

197 1910 268 1974 gis
289 1926 442 1957 crassa
465 1915 511 1957 et
535 1927 725 1958 onerosa
748 1911 1062 1974 conjunctum3
1100 1916 1146 1957 at
1164 1910 1464 1974 periculosius
1500 1917 1545 1959 et
1575 1914 1687 1960 sub-

197 1989 323 2037 tilius
344 1990 400 2038 in
420 1989 650 2039 Platone
672 1997 804 2055 atque
827 1993 924 2054 ejus
944 1989 1115 2037 schola.
1188 1989 1422 2037 Invenitur
1444 1991 1579 2039 etiam
1602 1992 1686 2039 hoc

196 2086 339 2134 genus
368 2071 476 2117 mali
495 2071 540 2117 in
567 2071 769 2135 partibus
795 2069 1179 2135 philosophiarum
1207 2069 1498 2133 reliquarum,
1536 2072 1687 2119 intro-

199 2149 402 2198 ducendo
430 2150 598 2197 formas
621 2152 870 2211 absractas,
894 2155 939 2197 et
963 2165 1123 2196 causas
1148 2149 1307 2197 finales
1331 2157 1376 2196 et
1399 2165 1559 2197 causas
1587 2152 1685 2214 pri-

197 2246 311 2290 mas,
341 2230 587 2278 omittendo
618 2231 880 2295 saepissime
921 2228 1110 2288 medias,
1148 2234 1193 2276 et
1223 2228 1498 2292 hujusmodi.
1563 2228 1685 2277 Huic

199 2315 347 2357 autem
382 2310 450 2357 rei
485 2327 656 2357 summa
695 2309 948 2357 adhibenda
981 2315 1048 2356 est
1085 2310 1253 2355 cautio.
1324 2308 1533 2355 Pessima
1566 2310 1684 2356 enim

199 2405 272 2437 res
295 2395 364 2436 est
395 2406 656 2437 errorum
693 2388 1060 2453 apotheosis,
1098 2394 1143 2435 et
1169 2404 1250 2452 pro
1276 2392 1402 2451 peste
1424 2387 1684 2435 intellectus

197 2468 402 2516 habenda
422 2475 506 2530 est,
540 2470 579 2516 si
602 2469 728 2516 vanis
751 2469 936 2515 accedat
970 2468 1215 2515 veneratio.
1285 2467 1406 2513 Huic
1431 2472 1578 2514 autem
1603 2484 1684 2514 va-

197 2549 348 2609 nitati,
382 2550 587 2596 nonnulli
618 2567 673 2597 ex
699 2548 925 2595 modernis
962 2564 1168 2595 sumina
1216 2547 1463 2594 levitate
1511 2547 1576 2593 ita
1608 2548 1683 2593 in-

198 2627 466 2688 dulserunt,
525 2635 573 2676 ut
628 2628 707 2676 IN
764 2626 1021 2675 PRIMO
1081 2624 1491 2674 CAPITULO
1551 2625 1679 2674 GE-

195 2705 506 2754 NESEOS
565 2715 618 2755 et
675 2706 755 2754 IN
812 2706 1054 2755 LIBRO
1113 2705 1245 2754 10ss
1301 2703 1400 2752 ET
1458 2704 1676 2753 ALIIS

198 2785 686 2834 SCRIPTURIS
728 2785 1014 2835 SACRIS
1063 2784 1394 2850 philosophiam
1431 2784 1680 2831 naturalem

197 2865 386 2914 fundare
449 2866 599 2913 conati
661 2865 776 2926 sint,
842 2866 1102 2915 INTER
1181 2865 1267 2912 VI
1280 2864 1374 2911 VA
1441 2861 1684 2921 QUAE-

199 2943 371 2993 REN
389 2946 489 2994 TE
496 2946 534 2994 S
580 2947 646 2996 M
658 2945 765 2994 OR
783 2947 829 2995 T
841 2945 957 2995 UA.
1029 2945 1273 3006 Tantoque
1295 2941 1438 3004 magis
1459 2941 1570 2988 baec
1602 2957 1683 2987 va-

1376 3020 1402 3059 5
1421 3018 1446 3043 a
