2031 3490
644 260 903 308 NOVUM
954 260 1337 308 ORGANUM.
1631 260 1728 309 119

234 382 967 436 PHILOSOPHIARUM
1027 381 1130 430 ET
1175 381 1728 433 DOCTRINARUM

237 465 445 527 QUAE
501 461 931 514 REGEPTAE
995 461 1222 512 SUNT.

334 541 866 593 REDARGUTIO
906 560 1010 591 vero
1048 559 1239 591 earum
1288 542 1393 591 talis
1426 543 1540 604 fuit,
1579 545 1725 608 qualis

236 642 334 674 esse
355 625 520 690 potuit,
548 625 757 673 videlicet
782 623 822 671 P
838 622 878 670 E
892 622 938 670 R
978 622 1014 672 S
1027 622 1052 670 I
1064 621 1221 671 GNA
1257 622 1299 670 E
1314 623 1359 670 T
1399 622 1441 670 E
1454 623 1589 672 VID
1603 623 1722 673 EN-

236 704 443 752 TIAM
491 703 956 763 GAUSARUM,
1014 719 1114 750 cum
1160 703 1411 751 confutatio
1458 705 1549 751 alia
1597 706 1723 753 nulla

233 799 259 831 a
280 784 428 846 nobis,
460 785 554 850 qui,
577 790 623 833 et
652 785 706 832 de
737 784 974 849 principiis
996 788 1041 830 et
1067 782 1121 830 de
1151 782 1628 847 demonstrationibus,
1665 786 1722 833 ab

219 864 335 912 ·aliis
356 863 673 926 dissentimus,
710 863 913 912 adhiberi
937 863 1151 928 potuerit.

337 945 566 1005 Quocirca
598 945 775 1009 tempus
811 949 906 1004 est,
956 948 1004 990 ut
1043 942 1098 989 ad
1125 942 1268 1007 ipsam
1302 942 1580 992 ARTEM
1617 944 1658 992 E
1673 945 1718 994 T

230 1021 580 1072 NORMAM
613 1021 1292 1072 INTERPRETANDI
1327 1021 1721 1073 NATURAM

229 1104 459 1152 veniamus
472 1138 489 1165 ,
530 1109 576 1153 et
608 1108 760 1152 tamen
802 1103 1009 1152 nonnihil
1050 1109 1217 1164 restat,
1266 1103 1383 1167 quod
1425 1110 1720 1169 praeverten-

231 1184 335 1232 dum
357 1190 442 1232 est.

334 1264 482 1325 Quum
525 1264 642 1312 enim
674 1278 736 1314 {N
773 1277 904 1315 Hoc
948 1277 1151 1314 PRIMO
1190 1276 1717 1314 APHomsMoRuM

228 1357 421 1394 LIBRO
458 1344 572 1392 illud
608 1346 739 1393 nobis
773 1346 1052 1409 propositum
1077 1346 1153 1405 sit,
1185 1350 1233 1392 ut
1261 1351 1350 1392 tam
1376 1344 1432 1391 ad
1452 1344 1719 1408 intelligen-

229 1425 331 1471 dum
345 1459 360 1485 ,
399 1440 530 1489 quam
563 1424 617 1471 ad
643 1425 952 1490 recipiendum
986 1441 1039 1473 ea
1075 1441 1189 1490 quae
1224 1432 1500 1490 sequuntur,
1544 1430 1716 1472 mentes

228 1504 457 1552 hominum
484 1510 837 1569 praeparentur3
883 1523 1029 1571 expu
1044 1511 1207 1570 rgata
1250 1506 1365 1569 jam
1408 1511 1462 1553 et
1505 1505 1717 1553 abrasa

229 1590 286 1632 et
335 1589 581 1649 aequata
634 1585 844 1633 mentis
899 1602 1064 1647 area,
1118 1585 1387 1650 sequitur
1448 1590 1504 1632 ut
1562 1602 1714 1633 inens

227 1664 477 1712 sistatur
510 1663 566 1711 16
593 1665 896 1729 positione
928 1666 1075 1713 bona
1101 1672 1157 1714 et
1183 1673 1448 1730 tanquam
1475 1671 1714 1730 aspectu

227 1745 529 1806 benevolo,
567 1745 631 1792 ad
670 1761 760 1806 ea,
799 1763 944 1810 quae
980 1763 1390 1811 proponemus.

331 1823 471 1872 Valet
495 1824 620 1892 *enim
657 1825 706 1872 in
738 1842 787 1873 re
816 1842 933 1873 nova
968 1825 1023 1872 ad
1051 1827 1409 1891 praejudicium,
1440 1843 1529 1873 non
1565 1827 1710 1875 solum

225 1906 577 1969 praeoccupatio
611 1907 743 1955 sortis
776 1905 1004 1972 opinionis
1039 1907 1201 1954 veteris
1215 1942 1230 1967 ‚
1262 1906 1341 1954 sed
1378 1912 1423 1954 ct
1446 1908 1708 1972 praeceptio

224 1984 319 2033 sive
345 1985 668 2050 praefiguratio
700 1987 833 2049 salsa,
870 1986 955 2046 rei,
991 2002 1103 2050 quae
1135 1988 1337 2035 affertur.

326 2064 487 2130 Itaque
506 2067 771 2114 conabimur
788 2066 987 2127 efficere,
1008 2073 1057 2114 ut
1079 2066 1330 2115 habeantur
1351 2066 1492 2114 bonae
1509 2072 1554 2115 et
1577 2084 1708 2116 verae

224 2143 279 2192 de
302 2145 376 2206 iis,
410 2162 525 2210 quae
553 2146 834 2209 adducimus,
871 2146 1135 2212 opiniones,
1184 2147 1293 2194 licet
1325 2146 1379 2192 ad
1405 2152 1580 2210 tempus
1604 2152 1709 2193 tan-

222 2225 450 2273 tummodo
472 2232 517 2274 et
544 2233 755 2293 tanquam
779 2228 1029 2288 usurariae,
1064 2226 1090 2274 d
1106 2243 1245 2275 onec
1291 2243 1383 2274 res
1419 2226 1547 2291 ipsa
1581 2243 1709 2292 pei·-

224 2319 255 2350 n
265 2321 291 2351 o
303 2321 325 2352 s
338 2320 362 2352 c
376 2320 402 2351 a
414 2309 471 2352 tu
484 2322 521 2353 r.

869 2373 1049 2424 CXVI.

321 2461 477 2512 Prim
491 2482 516 2512 o
540 2465 692 2532 itaque
716 2467 1033 2532 postulandum
1051 2466 1242 2528 videtur,
1265 2484 1289 2514 n
1305 2484 1329 2514 e
1362 2484 1428 2515 ex
1442 2467 1455 2513 i
1469 2484 1490 2514 s
1504 2467 1546 2514 ti
1559 2484 1598 2514 16
1613 2484 1674 2515 611
1691 2473 1708 2515 1

223 2541 413 2590 homin
428 2561 502 2606 es,
535 2563 653 2608 nos,
688 2564 810 2596 more
835 2549 1120 2613 antiquorum
1149 2546 1457 2609 Graecorum,
1495 2552 1573 2595 aut
1596 2566 1706 2613 quo-

222 2623 410 2671 rundam
432 2642 645 2673 novorum
670 2627 916 2689 hominum,
956 2628 1155 2689 Telesii,
1179 2628 1425 2690 Patricia}
1459 2628 1704 2684 Severini,

223 2709 437 2752 sectam
467 2706 627 2771 aliqu
644 2723 725 2754 am
750 2707 806 2755 in
831 2708 1211 2774 philosophia
1248 2708 1499 2757 condere
1539 2710 1703 2757 velle.

222 2782 383 2848 Neque
412 2785 530 2833 enim
561 2785 648 2833 hoe
681 2784 855 2850 agimus
870 2823 884 2848 ‚
922 2805 1065 2853 neque
1096 2790 1231 2837 etiam
1262 2790 1450 2837 multum
1486 2789 1706 2837 interesse

224 2868 431 2926 putamus
446 2900 461 2926 ‚
509 2866 564 2914 ad
601 2867 828 2915 hominum
860 2867 1063 2916 fortunas
1077 2904 1093 2930 ,
1143 2871 1298 2934 quaies
1332 2868 1431 2933 quis
1470 2867 1705 2933 opiniones

229 2942 480 2994 abstractas
508 2948 562 2996 116
594 2953 756 2996 natura
792 2954 836 2996 et
862 2965 1011 2997 rerum
1039 2949 1275 3014 principiis
1301 2948 1480 2996 habeat.
1545 2946 1706 3014 Neque
