2031 3490
577 247 841 294 NOVUM
898 248 1269 294 ORGANUM.
1593 248 1687 296 135

209 377 255 420 et
275 370 473 434 ingloria
501 376 622 432 sunt,
643 372 818 422 artis
844 370 1054 418 nimirum
1091 369 1519 436 imprimendi,
1556 390 1645 438 pu
1658 374 1697 422 l-

206 453 383 502 veris
419 452 859 509 tormentart'i,
897 456 954 498 et
992 466 1151 498 acus
1183 450 1516 499 nauticae.
1567 453 1694 501 Hace

205 531 324 579 enim
362 532 471 593 tria,
506 547 658 579 rerum
681 530 841 578 faciem
877 535 922 577 et
942 534 1105 577 statum
1132 529 1179 579 in
1212 531 1320 577 orbe
1344 535 1564 578 terrarum
1595 548 1696 578 mu·-

202 617 436 659 taveruntz
468 611 680 675 primum,
714 611 772 658 in
808 626 867 657 re
901 609 1203 669 literaria3
1241 609 1503 671 secuudum,
1540 611 1600 657 in
1637 628 1694 659 re

204 690 449 750 bellica3
486 690 687 750 tertium,
725 690 780 736 in
819 689 1327 753 navigationibus.
1401 689 1531 737 Unde
1554 690 1691 737 innu-

198 786 351 819 merae
373 786 524 819 rerum
549 772 819 818 mutationes
844 775 1059 833 sequutae
1084 776 1212 830 sunt,
1263 776 1311 816 ut
1335 786 1423 816 non
1451 769 1690 834 imperium

199 849 413 915 aliquod,
449 866 541 897 non
576 855 730 910 secta,
778 867 868 898 non
903 850 1065 910 stella,
1111 852 1326 915 majorem
1363 850 1613 898 efficaciam
1646 857 1691 898 ct

197 929 329 995 quasi
360 929 608 989 influxum,
650 945 788 993 super
815 945 888 977 res
921 930 1138 976 humanas
1171 930 1431 978 exercuisse
1468 931 1687 993 videatur,

197 1024 329 1074 quam
364 1008 484 1055 ista
515 1007 858 1056 mechanica
893 1014 1214 1056 exercuerunt.

296 1086 626 1137 Praeterea
676 1105 785 1136 non
834 1089 932 1136 abs
980 1105 1040 1136 rc
1084 1088 1295 1149 fuerit,
1344 1089 1463 1137 tria
1508 1090 1686 1138 homi-

192 1185 322 1215 num
353 1168 697 1216 ambitionis
742 1185 957 1234 genera
996 1174 1051 1217 et
1102 1169 1264 1233 quasi
1309 1169 1523 1233 gradus
1568 1170 1685 1218 dis-

191 1248 486 1312 tinguere.
557 1248 810 1296 Primum
859 1266 1038 1310 eorum,
1091 1248 1188 1313 qui
1240 1250 1538 1313 propriam
1588 1268 1683 1315 po-

188 1327 462 1389 tentiam,
509 1328 566 1375 in
604 1328 794 1393 patria
840 1345 941 1376 sua
988 1327 1365 1393 amplificare
1408 1329 1681 1394 cupiunt3

188 1407 306 1472 quod
329 1424 471 1472 genus
491 1408 675 1472 vulgare
699 1414 768 1456 cst
791 1414 836 1456 et
857 1408 1070 1473 degener.
1139 1406 1251 1456 Sec
1267 1408 1372 1455 und
1387 1426 1468 1456 um
1505 1425 1680 1471 eorum,

187 1487 285 1552 qui
338 1487 576 1553 patriae
635 1489 959 1553 potentiam
1013 1493 1068 1537 et
1125 1487 1461 1553 imperium,
1520 1489 1679 1537 inter

185 1566 486 1615 humanum
531 1584 713 1631 genus
757 1569 1133 1633 amplificare
1180 1568 1469 1617 nituntur.
1551 1568 1676 1617 Illud

182 1647 286 1711 plus
309 1652 433 1695 certe
457 1647 595 1696 habet
615 1647 865 1712 dignitatis,
894 1648 1155 1713 cupiditatis
1181 1647 1299 1695 haud
1324 1648 1488 1696 minus.
1541 1648 1675 1710 Quod

183 1726 233 1774 si
277 1726 404 1791 quis
450 1727 684 1774 humani
724 1729 956 1791 generis
1001 1727 1193 1792 ipsius
1245 1728 1569 1792 potentiam
1619 1734 1674 1777 et

179 1806 502 1871 imperium,
538 1807 595 1854 in
632 1824 806 1858 rerum
844 1808 1299 1856 universitatem
1335 1809 1673 1858 instaurare

182 1891 238 1935 et
276 1886 658 1951 amplificare
689 1894 960 1947 conetur;
999 1904 1053 1936 ea
1077 1887 1375 1952 proculdubio
1398 1888 1584 1936 ambitio
1612 1889 1671 1951 [si

179 1965 312 2014 modo
349 1966 415 2014 ita
448 1965 649 2015 vocanda
671 1967 748 2030 sit]
783 1967 972 2033 reliquis
1001 1972 1047 2015 et
1077 1967 1231 2014 sanior
1259 1973 1394 2016 estet
1418 1968 1669 2032 augustior.

145 2045 441 2094 ·Hominis
477 2053 666 2096 autem
701 2048 1010 2112 imperium
1041 2047 1100 2094 in
1131 2063 1255 2108 res,
1290 2047 1348 2094 in
1393 2048 1544 2096 solis
1581 2064 1669 2095 ar-

177 2126 338 2174 tibus
387 2131 445 2174 et
490 2127 772 2176 scientiis
814 2127 1070 2192 ponitur.
1151 2126 1460 2178 NATURAE
1503 2141 1665 2178 ΕΝΙΜ

174 2217 305 2256 NON
340 2219 722 2268 1MPERATUR,
757 2220 887 2257 NISI
923 2220 1245 2258 PARENDO.

276 2283 629 2347 Praeterea,
687 2286 727 2334 si
765 2287 896 2335 unius
933 2288 1127 2352 alicujus
1164 2286 1456 2352 particularis
1491 2286 1662 2335 inventi

175 2363 368 2426 utilitas,
401 2364 469 2412 ita
487 2365 691 2414 homines
711 2367 930 2428 affecerit,
953 2373 1002 2415 ut
1022 2384 1139 2429 eum,
1164 2367 1239 2432 qui
1258 2383 1400 2430 genus
1420 2367 1661 2413 humanum

174 2443 431 2492 universum
451 2445 671 2494 beneficio
696 2446 848 2511 aliquo
871 2446 1099 2496 devincire
1119 2448 1332 2512 potuerit,
1358 2447 1537 2495 homine
1562 2464 1662 2494 ma-

168 2524 318 2589 jorem
345 2526 626 2590 putaverint3
666 2532 878 2591 quanto
915 2527 1142 2575 celsius
1185 2527 1504 2589 videbitur,
1539 2527 1658 2575 talc

173 2604 406 2669 aliquid
437 2605 729 2668 invenire,
773 2623 876 2672 per
917 2607 1062 2672 quod
1099 2608 1223 2655 alia
1259 2607 1449 2655 omnia
1484 2624 1657 2672 expe-

172 2683 296 2733 dite
331 2685 592 2734 inveniri
627 2685 892 2751 possint?

275 2762 340 2812 Et
356 2770 532 2828 tamen,
566 2772 615 2814 ut
639 2783 790 2815 verum
812 2766 991 2814 omnino
1023 2766 1251 2829 dicamus,
1297 2767 1653 2832 quomadmo-

172 2841 293 2890 dum
341 2844 530 2894 LUCI
573 2863 823 2911 magnam
871 2847 1137 2895 babemus
1177 2848 1451 2909 gratiam,
1502 2845 1649 2910 quod

171 2937 276 2986 per
312 2939 430 2971 eam
466 2927 587 2975 vias
631 2927 816 2988 inire,
867 2933 1021 2975 artes
1069 2942 1377 2987 exercere,
1429 2927 1647 2989 legere,
