<?xml version="1.0" encoding="UTF-8"?>
<!DOCTYPE html PUBLIC "-//W3C//DTD XHTML 1.0 Transitional//EN"
    "http://www.w3.org/TR/xhtml1/DTD/xhtml1-transitional.dtd">
<html xmlns="http://www.w3.org/1999/xhtml" xml:lang="en" lang="en">
 <head>
  <title>
</title>
<meta http-equiv="Content-Type" content="text/html;charset=utf-8" />
  <meta name='ocr-system' content='tesseract 3.04.00' />
  <meta name='ocr-capabilities' content='ocr_page ocr_carea ocr_par ocr_line ocrx_word'/>
</head>
<body>
  <div class='ocr_page' id='page_1' title='image "./franciscibaconid01baco/franciscibaconid01baco_0081.png"; bbox 0 0 2064 3490; ppageno 0'>
   <div class='ocr_carea' id='block_1_1' title="bbox 563 321 1644 372">
    <p class='ocr_par' dir='ltr' id='par_1_1' title="bbox 563 321 1644 372">
     <span class='ocr_line' id='line_1_1' title="bbox 563 321 1644 372; baseline 0.005 -6"><span class='ocrx_word' id='word_1_1' title='bbox 563 321 820 367; x_wconf 80' lang='lat' dir='ltr'><strong>NOVUM</strong></span> <span class='ocrx_word' id='word_1_2' title='bbox 878 322 1251 368; x_wconf 76' lang='lat' dir='ltr'>ORGANUM.</span> <span class='ocrx_word' id='word_1_3' title='bbox 1579 323 1644 372; x_wconf 85' lang='lat'>75</span> 
     </span>
    </p>
   </div>
   <div class='ocr_carea' id='block_1_2' title="bbox 171 442 1669 1944">
    <p class='ocr_par' dir='ltr' id='par_1_2' title="bbox 171 442 1651 667">
     <span class='ocr_line' id='line_1_2' title="bbox 171 442 1649 496; baseline 0.004 -6"><span class='ocrx_word' id='word_1_4' title='bbox 171 459 307 490; x_wconf 89' lang='lat' dir='ltr'>mum</span> <span class='ocrx_word' id='word_1_5' title='bbox 349 442 600 491; x_wconf 90' lang='lat' dir='ltr'>inventio</span> <span class='ocrx_word' id='word_1_6' title='bbox 650 458 959 490; x_wconf 86' lang='lat' dir='ltr'>causarum</span> <span class='ocrx_word' id='word_1_7' title='bbox 995 448 1049 491; x_wconf 88' lang='lat' dir='ltr'>et</span> <span class='ocrx_word' id='word_1_8' title='bbox 1094 443 1449 491; x_wconf 82' lang='lat' dir='ltr'>axiomatum</span> <span class='ocrx_word' id='word_1_9' title='bbox 1487 462 1649 496; x_wconf 89' lang='lat' dir='ltr'>vero-</span> 
     </span>
     <span class='ocr_line' id='line_1_3' title="bbox 172 521 1651 583; baseline 0.003 -13"><span class='ocrx_word' id='word_1_10' title='bbox 172 539 290 570; x_wconf 88' lang='lat' dir='ltr'>rum</span> <span class='ocrx_word' id='word_1_11' title='bbox 335 523 640 571; x_wconf 86' lang='lat' dir='ltr'>elicienda</span> <span class='ocrx_word' id='word_1_12' title='bbox 679 528 796 583; x_wconf 89' lang='lat' dir='ltr'>est,</span> <span class='ocrx_word' id='word_1_13' title='bbox 855 528 911 570; x_wconf 92' lang='lat' dir='ltr'>et</span> <span class='ocrx_word' id='word_1_14' title='bbox 956 521 1363 570; x_wconf 86' lang='lat' dir='ltr'><strong>LUCIFERA</strong></span> <span class='ocrx_word' id='word_1_15' title='bbox 1413 522 1651 574; x_wconf 86' lang='lat' dir='ltr'><strong>EXPE-</strong></span> 
     </span>
     <span class='ocr_line' id='line_1_4' title="bbox 172 601 1461 667; baseline 0.002 -17"><span class='ocrx_word' id='word_1_16' title='bbox 172 601 574 662; x_wconf 90' lang='lat' dir='ltr'>RIMENTA,</span> <span class='ocrx_word' id='word_1_17' title='bbox 611 619 717 649; x_wconf 92' lang='lat' dir='ltr'>non</span> <span class='ocrx_word' id='word_1_18' title='bbox 754 602 1078 650; x_wconf 85' lang='lat' dir='ltr'>fructifera</span> <span class='ocrx_word' id='word_1_19' title='bbox 1116 603 1461 667; x_wconf 87' lang='lat' dir='ltr'>quaerenda.</span> 
     </span>
    </p>

    <p class='ocr_par' dir='ltr' id='par_1_3' title="bbox 175 682 1655 906">
     <span class='ocr_line' id='line_1_5' title="bbox 272 682 1654 733; baseline 0.001 -3"><span class='ocrx_word' id='word_1_20' title='bbox 272 683 585 730; x_wconf 85' lang='lat' dir='ltr'>Axiomata</span> <span class='ocrx_word' id='word_1_21' title='bbox 637 687 783 729; x_wconf 91' lang='lat' dir='ltr'>autem</span> <span class='ocrx_word' id='word_1_22' title='bbox 832 687 991 729; x_wconf 90' lang='lat' dir='ltr'>recte</span> <span class='ocrx_word' id='word_1_23' title='bbox 1048 682 1282 730; x_wconf 91' lang='lat' dir='ltr'>inventa</span> <span class='ocrx_word' id='word_1_24' title='bbox 1333 689 1390 732; x_wconf 86' lang='lat' dir='ltr'>et</span> <span class='ocrx_word' id='word_1_25' title='bbox 1434 685 1654 733; x_wconf 88' lang='lat' dir='ltr'>consti-</span> 
     </span>
     <span class='ocr_line' id='line_1_6' title="bbox 175 761 1655 826; baseline 0.003 -18"><span class='ocrx_word' id='word_1_26' title='bbox 175 765 318 820; x_wconf 85' lang='lat' dir='ltr'>tuta,</span> <span class='ocrx_word' id='word_1_27' title='bbox 346 762 554 826; x_wconf 75' lang='lat' dir='ltr'>praxin</span> <span class='ocrx_word' id='word_1_28' title='bbox 581 779 670 809; x_wconf 90' lang='lat' dir='ltr'>non</span> <span class='ocrx_word' id='word_1_29' title='bbox 691 762 880 809; x_wconf 82' lang='lat' dir='ltr'>strictim</span> <span class='ocrx_word' id='word_1_30' title='bbox 905 761 982 809; x_wconf 90' lang='lat' dir='ltr'>sed</span> <span class='ocrx_word' id='word_1_31' title='bbox 1007 762 1314 810; x_wconf 80' lang='lat' dir='ltr'><strong>confertim</strong></span> <span class='ocrx_word' id='word_1_32' title='bbox 1353 764 1655 814; x_wconf 87' lang='lat' dir='ltr'>instruunt</span> 
     </span>
     <span class='ocr_line' id='line_1_7' title="bbox 175 843 1331 906; baseline 0.002 -18"><span class='ocrx_word' id='word_1_33' title='bbox 175 846 224 889; x_wconf 88' lang='lat' dir='ltr'>ct</span> <span class='ocrx_word' id='word_1_34' title='bbox 246 858 430 906; x_wconf 88' lang='lat' dir='ltr'>operum</span> <span class='ocrx_word' id='word_1_35' title='bbox 452 843 630 905; x_wconf 81' lang='lat' dir='ltr'>agmina</span> <span class='ocrx_word' id='word_1_36' title='bbox 660 858 714 889; x_wconf 87' lang='lat' dir='ltr'>ac</span> <span class='ocrx_word' id='word_1_37' title='bbox 742 848 910 888; x_wconf 87' lang='lat' dir='ltr'>turmas</span> <span class='ocrx_word' id='word_1_38' title='bbox 931 847 1033 906; x_wconf 90' lang='lat' dir='ltr'>post</span> <span class='ocrx_word' id='word_1_39' title='bbox 1056 859 1103 890; x_wconf 89' lang='lat' dir='ltr'>se</span> <span class='ocrx_word' id='word_1_40' title='bbox 1131 843 1331 891; x_wconf 88' lang='lat' dir='ltr'>trahunt.</span> 
     </span>
    </p>

    <p class='ocr_par' dir='ltr' id='par_1_4' title="bbox 176 920 1661 1227">
     <span class='ocr_line' id='line_1_8' title="bbox 275 920 1657 986; baseline 0.004 -18"><span class='ocrx_word' id='word_1_41' title='bbox 275 920 481 969; x_wconf 90' lang='lat' dir='ltr'>Verum</span> <span class='ocrx_word' id='word_1_42' title='bbox 531 921 594 969; x_wconf 90' lang='lat' dir='ltr'>de</span> <span class='ocrx_word' id='word_1_43' title='bbox 641 921 995 985; x_wconf 83' lang='lat' dir='ltr'>experiendi</span> <span class='ocrx_word' id='word_1_44' title='bbox 1041 921 1181 983; x_wconf 82' lang='lat' dir='ltr'>viis,</span> <span class='ocrx_word' id='word_1_45' title='bbox 1224 939 1337 986; x_wconf 90' lang='lat' dir='ltr'>quae</span> <span class='ocrx_word' id='word_1_46' title='bbox 1379 940 1467 972; x_wconf 92' lang='lat' dir='ltr'>non</span> <span class='ocrx_word' id='word_1_47' title='bbox 1510 925 1657 974; x_wconf 87' lang='lat' dir='ltr'>minus</span> 
     </span>
     <span class='ocr_line' id='line_1_9' title="bbox 178 999 1658 1070; baseline 0.005 -23"><span class='ocrx_word' id='word_1_48' title='bbox 178 1017 306 1065; x_wconf 88' lang='lat' dir='ltr'>quam</span> <span class='ocrx_word' id='word_1_49' title='bbox 349 1002 442 1048; x_wconf 80' lang='lat' dir='ltr'>viae</span> <span class='ocrx_word' id='word_1_50' title='bbox 467 999 701 1065; x_wconf 83' lang='lat' dir='ltr'>judicandi</span> <span class='ocrx_word' id='word_1_51' title='bbox 733 1001 941 1047; x_wconf 82' lang='lat' dir='ltr'>obsessae</span> <span class='ocrx_word' id='word_1_52' title='bbox 969 1006 1072 1047; x_wconf 88' lang='lat' dir='ltr'>sunt</span> <span class='ocrx_word' id='word_1_53' title='bbox 1096 1006 1141 1048; x_wconf 92' lang='lat' dir='ltr'>et</span> <span class='ocrx_word' id='word_1_54' title='bbox 1171 1002 1462 1065; x_wconf 83' lang='lat' dir='ltr'>interclusae,</span> <span class='ocrx_word' id='word_1_55' title='bbox 1499 1012 1658 1070; x_wconf 88' lang='lat' dir='ltr'>postea</span> 
     </span>
     <span class='ocr_line' id='line_1_10' title="bbox 177 1079 1661 1147; baseline 0.004 -20"><span class='ocrx_word' id='word_1_56' title='bbox 177 1080 402 1140; x_wconf 86' lang='lat' dir='ltr'>dicemus;</span> <span class='ocrx_word' id='word_1_57' title='bbox 450 1080 867 1145; x_wconf 77' lang='lat' dir='ltr'>impraesentiarum</span> <span class='ocrx_word' id='word_1_58' title='bbox 905 1079 959 1127; x_wconf 91' lang='lat' dir='ltr'>de</span> <span class='ocrx_word' id='word_1_59' title='bbox 995 1080 1279 1144; x_wconf 76' lang='lat' dir='ltr'>experientia</span> <span class='ocrx_word' id='word_1_60' title='bbox 1318 1083 1519 1147; x_wconf 83' lang='lat' dir='ltr'>vulgari,</span> <span class='ocrx_word' id='word_1_61' title='bbox 1555 1091 1661 1133; x_wconf 89' lang='lat' dir='ltr'>tan-</span> 
     </span>
     <span class='ocr_line' id='line_1_11' title="bbox 176 1159 1380 1227; baseline 0 -18"><span class='ocrx_word' id='word_1_62' title='bbox 176 1178 306 1227; x_wconf 88' lang='lat' dir='ltr'>quam</span> <span class='ocrx_word' id='word_1_63' title='bbox 333 1161 387 1208; x_wconf 87' lang='lat' dir='ltr'>de</span> <span class='ocrx_word' id='word_1_64' title='bbox 414 1161 531 1207; x_wconf 89' lang='lat' dir='ltr'>mala</span> <span class='ocrx_word' id='word_1_65' title='bbox 552 1159 958 1220; x_wconf 79' lang='lat' dir='ltr'>demonstratione,</span> <span class='ocrx_word' id='word_1_66' title='bbox 999 1166 1168 1207; x_wconf 89' lang='lat' dir='ltr'>tantum</span> <span class='ocrx_word' id='word_1_67' title='bbox 1191 1162 1380 1226; x_wconf 85' lang='lat' dir='ltr'>loquuti.</span> 
     </span>
    </p>

    <p class='ocr_par' dir='ltr' id='par_1_5' title="bbox 179 1235 1669 1944">
     <span class='ocr_line' id='line_1_12' title="bbox 283 1235 1664 1308; baseline 0.002 -19"><span class='ocrx_word' id='word_1_68' title='bbox 283 1241 387 1291; x_wconf 88' lang='lat' dir='ltr'>Jam</span> <span class='ocrx_word' id='word_1_69' title='bbox 425 1257 529 1289; x_wconf 85' lang='lat' dir='ltr'>vere</span> <span class='ocrx_word' id='word_1_70' title='bbox 561 1240 762 1304; x_wconf 88' lang='lat' dir='ltr'>postulat</span> <span class='ocrx_word' id='word_1_71' title='bbox 795 1235 904 1286; x_wconf 84' lang='lat' dir='ltr'>ordo</span> <span class='ocrx_word' id='word_1_72' title='bbox 939 1256 1115 1301; x_wconf 84' lang='lat' dir='ltr'>rerum,</span> <span class='ocrx_word' id='word_1_73' title='bbox 1163 1246 1214 1288; x_wconf 92' lang='lat' dir='ltr'>ut</span> <span class='ocrx_word' id='word_1_74' title='bbox 1251 1241 1305 1289; x_wconf 83' lang='lat' dir='ltr'>(le</span> <span class='ocrx_word' id='word_1_75' title='bbox 1343 1242 1426 1303; x_wconf 88' lang='lat' dir='ltr'>iis,</span> <span class='ocrx_word' id='word_1_76' title='bbox 1475 1260 1664 1308; x_wconf 90' lang='lat' dir='ltr'>quorum</span> 
     </span>
     <span class='ocr_line' id='line_1_13' title="bbox 179 1318 1665 1388; baseline 0.001 -19"><span class='ocrx_word' id='word_1_77' title='bbox 179 1322 329 1386; x_wconf 85' lang='lat' dir='ltr'>paulo</span> <span class='ocrx_word' id='word_1_78' title='bbox 352 1326 454 1368; x_wconf 92' lang='lat' dir='ltr'>ante</span> <span class='ocrx_word' id='word_1_79' title='bbox 490 1321 759 1367; x_wconf 81' lang='lat' dir='ltr'>mentionem</span> <span class='ocrx_word' id='word_1_80' title='bbox 784 1318 988 1380; x_wconf 83' lang='lat' dir='ltr'>fecimuS,</span> <span class='ocrx_word' id='word_1_81' title='bbox 1026 1318 1322 1382; x_wconf 86' lang='lat' dir='ltr'>SIGNIS,</span> <span class='ocrx_word' id='word_1_82' title='bbox 1361 1322 1476 1386; x_wconf 82' lang='lat' dir='ltr'>quod</span> <span class='ocrx_word' id='word_1_83' title='bbox 1510 1324 1665 1388; x_wconf 85' lang='lat' dir='ltr'>philo·-</span> 
     </span>
     <span class='ocr_line' id='line_1_14' title="bbox 182 1399 1669 1466; baseline 0.003 -17"><span class='ocrx_word' id='word_1_84' title='bbox 182 1401 370 1466; x_wconf 84' lang='lat' dir='ltr'>sophiae</span> <span class='ocrx_word' id='word_1_85' title='bbox 406 1405 451 1448; x_wconf 92' lang='lat' dir='ltr'>et</span> <span class='ocrx_word' id='word_1_86' title='bbox 484 1400 886 1464; x_wconf 85' lang='lat' dir='ltr'>contemplationes</span> <span class='ocrx_word' id='word_1_87' title='bbox 924 1399 970 1445; x_wconf 92' lang='lat' dir='ltr'>in</span> <span class='ocrx_word' id='word_1_88' title='bbox 1007 1416 1090 1446; x_wconf 90' lang='lat' dir='ltr'>usu</span> <span class='ocrx_word' id='word_1_89' title='bbox 1125 1400 1243 1448; x_wconf 90' lang='lat' dir='ltr'>male</span> <span class='ocrx_word' id='word_1_90' title='bbox 1279 1418 1327 1449; x_wconf 88' lang='lat' dir='ltr'>se</span> <span class='ocrx_word' id='word_1_91' title='bbox 1363 1402 1585 1465; x_wconf 84' lang='lat' dir='ltr'>habeant,</span> <span class='ocrx_word' id='word_1_92' title='bbox 1623 1412 1669 1453; x_wconf 90' lang='lat' dir='ltr'>et</span> 
     </span>
     <span class='ocr_line' id='line_1_15' title="bbox 182 1479 1668 1544; baseline 0.003 -16"><span class='ocrx_word' id='word_1_93' title='bbox 182 1481 238 1529; x_wconf 84' lang='lat' dir='ltr'>de</span> <span class='ocrx_word' id='word_1_94' title='bbox 276 1479 566 1529; x_wconf 87' lang='lat' dir='ltr'><strong>CAUSIS</strong></span> <span class='ocrx_word' id='word_1_95' title='bbox 602 1481 686 1540; x_wconf 88' lang='lat' dir='ltr'>rei,</span> <span class='ocrx_word' id='word_1_96' title='bbox 722 1480 865 1544; x_wconf 92' lang='lat' dir='ltr'>primo</span> <span class='ocrx_word' id='word_1_97' title='bbox 895 1479 1059 1526; x_wconf 89' lang='lat' dir='ltr'>intuitu</span> <span class='ocrx_word' id='word_1_98' title='bbox 1085 1486 1175 1527; x_wconf 90' lang='lat' dir='ltr'>tam</span> <span class='ocrx_word' id='word_1_99' title='bbox 1196 1481 1416 1530; x_wconf 88' lang='lat' dir='ltr'>mirabilis</span> <span class='ocrx_word' id='word_1_100' title='bbox 1437 1490 1481 1531; x_wconf 92' lang='lat' dir='ltr'>et</span> <span class='ocrx_word' id='word_1_101' title='bbox 1513 1485 1668 1533; x_wconf 88' lang='lat' dir='ltr'>incre-</span> 
     </span>
     <span class='ocr_line' id='line_1_16' title="bbox 185 1559 1667 1623; baseline 0.003 -16"><span class='ocrx_word' id='word_1_102' title='bbox 185 1560 356 1620; x_wconf 84' lang='lat' dir='ltr'>dibilis,</span> <span class='ocrx_word' id='word_1_103' title='bbox 383 1559 596 1623; x_wconf 83' lang='lat' dir='ltr'>quaedam</span> <span class='ocrx_word' id='word_1_104' title='bbox 622 1560 958 1623; x_wconf 81' lang='lat' dir='ltr'>subjungamus.</span> <span class='ocrx_word' id='word_1_105' title='bbox 1014 1559 1322 1623; x_wconf 81' lang='lat' dir='ltr'>Signorum</span> <span class='ocrx_word' id='word_1_106' title='bbox 1360 1563 1477 1611; x_wconf 86' lang='lat' dir='ltr'>enim</span> <span class='ocrx_word' id='word_1_107' title='bbox 1508 1565 1667 1612; x_wconf 89' lang='lat' dir='ltr'>notio</span> 
     </span>
     <span class='ocr_line' id='line_1_17' title="bbox 184 1644 1668 1708; baseline 0.003 -21"><span class='ocrx_word' id='word_1_108' title='bbox 184 1645 504 1705; x_wconf 87' lang='lat' dir='ltr'>praeparat</span> <span class='ocrx_word' id='word_1_109' title='bbox 558 1655 885 1698; x_wconf 81' lang='lat' dir='ltr'>assensum3</span> <span class='ocrx_word' id='word_1_110' title='bbox 958 1655 1256 1687; x_wconf 87' lang='lat' dir='ltr'>causarum</span> <span class='ocrx_word' id='word_1_111' title='bbox 1313 1658 1418 1690; x_wconf 89' lang='lat' dir='ltr'>vero</span> <span class='ocrx_word' id='word_1_112' title='bbox 1476 1644 1668 1708; x_wconf 83' lang='lat' dir='ltr'>expli-</span> 
     </span>
     <span class='ocr_line' id='line_1_18' title="bbox 184 1719 1669 1782; baseline 0.001 -13"><span class='ocrx_word' id='word_1_113' title='bbox 184 1720 341 1769; x_wconf 82' lang='lat' dir='ltr'>catio</span> <span class='ocrx_word' id='word_1_114' title='bbox 377 1720 543 1767; x_wconf 84' lang='lat' dir='ltr'>tollit</span> <span class='ocrx_word' id='word_1_115' title='bbox 589 1719 949 1766; x_wconf 84' lang='lat' dir='ltr'>miraculum.</span> <span class='ocrx_word' id='word_1_116' title='bbox 1023 1719 1151 1779; x_wconf 74' lang='lat' dir='ltr'>Quae</span> <span class='ocrx_word' id='word_1_117' title='bbox 1189 1720 1303 1782; x_wconf 83' lang='lat' dir='ltr'>duo,</span> <span class='ocrx_word' id='word_1_118' title='bbox 1341 1722 1395 1769; x_wconf 89' lang='lat' dir='ltr'>ad</span> <span class='ocrx_word' id='word_1_119' title='bbox 1443 1724 1669 1771; x_wconf 84' lang='lat' dir='ltr'>exstir-</span> 
     </span>
     <span class='ocr_line' id='line_1_19' title="bbox 185 1799 1669 1866; baseline 0.001 -17"><span class='ocrx_word' id='word_1_120' title='bbox 185 1800 483 1866; x_wconf 88' lang='lat' dir='ltr'>pationem</span> <span class='ocrx_word' id='word_1_121' title='bbox 537 1799 831 1846; x_wconf 85' lang='lat' dir='ltr'>idolorum</span> <span class='ocrx_word' id='word_1_122' title='bbox 885 1814 953 1846; x_wconf 79' lang='lat' dir='ltr'>ex</span> <span class='ocrx_word' id='word_1_123' title='bbox 1007 1799 1360 1863; x_wconf 90' lang='lat' dir='ltr'>intellectu,</span> <span class='ocrx_word' id='word_1_124' title='bbox 1418 1803 1669 1852; x_wconf 75' lang='lat' dir='ltr'>faciliorem</span> 
     </span>
     <span class='ocr_line' id='line_1_20' title="bbox 189 1879 1036 1944; baseline -0.005 -15"><span class='ocrx_word' id='word_1_125' title='bbox 189 1886 235 1929; x_wconf 86' lang='lat' dir='ltr'>ct</span> <span class='ocrx_word' id='word_1_126' title='bbox 270 1880 605 1930; x_wconf 88' lang='lat' dir='ltr'>clementiorem</span> <span class='ocrx_word' id='word_1_127' title='bbox 640 1880 826 1928; x_wconf 89' lang='lat' dir='ltr'>multum</span> <span class='ocrx_word' id='word_1_128' title='bbox 860 1879 1036 1944; x_wconf 84' lang='lat' dir='ltr'>juvant.</span> 
     </span>
    </p>
   </div>
   <div class='ocr_carea' id='block_1_3' title="bbox 833 2014 1026 2064">
    <p class='ocr_par' dir='ltr' id='par_1_6' title="bbox 833 2014 1026 2064">
     <span class='ocr_line' id='line_1_21' title="bbox 833 2014 1026 2064; baseline -0.005 0"><span class='ocrx_word' id='word_1_129' title='bbox 833 2014 1026 2064; x_wconf 88' lang='lat' dir='ltr'><strong>LXXI.</strong></span> 
     </span>
    </p>
   </div>
   <div class='ocr_carea' id='block_1_4' title="bbox 193 2118 1682 3063">
    <p class='ocr_par' dir='ltr' id='par_1_7' title="bbox 193 2118 1677 2502">
     <span class='ocr_line' id='line_1_22' title="bbox 296 2118 1674 2183; baseline 0 -14"><span class='ocrx_word' id='word_1_130' title='bbox 296 2118 638 2179; x_wconf 85' lang='lat' dir='ltr'>Scientiae,</span> <span class='ocrx_word' id='word_1_131' title='bbox 669 2135 812 2183; x_wconf 88' lang='lat' dir='ltr'>quas</span> <span class='ocrx_word' id='word_1_132' title='bbox 843 2118 1149 2179; x_wconf 80' lang='lat' dir='ltr'>habemuS,</span> <span class='ocrx_word' id='word_1_133' title='bbox 1186 2118 1309 2167; x_wconf 90' lang='lat' dir='ltr'>fere</span> <span class='ocrx_word' id='word_1_134' title='bbox 1356 2136 1383 2167; x_wconf 89' lang='lat' dir='ltr'>a</span> <span class='ocrx_word' id='word_1_135' title='bbox 1420 2118 1674 2169; x_wconf 84' lang='lat' dir='ltr'>Graecis</span> 
     </span>
     <span class='ocr_line' id='line_1_23' title="bbox 193 2198 1674 2263; baseline 0.001 -16"><span class='ocrx_word' id='word_1_136' title='bbox 193 2199 357 2249; x_wconf 84' lang='lat' dir='ltr'>fluxe</span> <span class='ocrx_word' id='word_1_137' title='bbox 369 2217 431 2247; x_wconf 91' lang='lat' dir='ltr'>ru</span> <span class='ocrx_word' id='word_1_138' title='bbox 445 2205 520 2247; x_wconf 87' lang='lat' dir='ltr'>nt.</span> <span class='ocrx_word' id='word_1_139' title='bbox 577 2199 704 2260; x_wconf 74' lang='lat' dir='ltr'>Quae</span> <span class='ocrx_word' id='word_1_140' title='bbox 725 2199 841 2247; x_wconf 88' lang='lat' dir='ltr'>enim</span> <span class='ocrx_word' id='word_1_141' title='bbox 877 2199 1122 2263; x_wconf 89' lang='lat' dir='ltr'>scriptores</span> <span class='ocrx_word' id='word_1_142' title='bbox 1142 2198 1355 2260; x_wconf 84' lang='lat' dir='ltr'>Romani,</span> <span class='ocrx_word' id='word_1_143' title='bbox 1382 2206 1459 2247; x_wconf 92' lang='lat' dir='ltr'>aut</span> <span class='ocrx_word' id='word_1_144' title='bbox 1477 2200 1674 2263; x_wconf 88' lang='lat' dir='ltr'>Arabes,</span> 
     </span>
     <span class='ocr_line' id='line_1_24' title="bbox 195 2278 1677 2343; baseline 0.002 -17"><span class='ocrx_word' id='word_1_145' title='bbox 195 2285 274 2328; x_wconf 89' lang='lat' dir='ltr'>aut</span> <span class='ocrx_word' id='word_1_146' title='bbox 291 2279 568 2328; x_wconf 86' lang='lat' dir='ltr'>recentiores</span> <span class='ocrx_word' id='word_1_147' title='bbox 588 2278 875 2340; x_wconf 87' lang='lat' dir='ltr'>addiderunt,</span> <span class='ocrx_word' id='word_1_148' title='bbox 899 2295 987 2326; x_wconf 90' lang='lat' dir='ltr'>non</span> <span class='ocrx_word' id='word_1_149' title='bbox 1014 2278 1171 2340; x_wconf 90' lang='lat' dir='ltr'>multa,</span> <span class='ocrx_word' id='word_1_150' title='bbox 1191 2285 1268 2326; x_wconf 87' lang='lat' dir='ltr'>aut</span> <span class='ocrx_word' id='word_1_151' title='bbox 1287 2280 1440 2343; x_wconf 83' lang='lat' dir='ltr'>magni</span> <span class='ocrx_word' id='word_1_152' title='bbox 1461 2282 1677 2329; x_wconf 91' lang='lat' dir='ltr'>momenti</span> 
     </span>
     <span class='ocr_line' id='line_1_25' title="bbox 196 2357 1675 2426; baseline 0.002 -20"><span class='ocrx_word' id='word_1_153' title='bbox 196 2365 328 2418; x_wconf 88' lang='lat' dir='ltr'>sunt;</span> <span class='ocrx_word' id='word_1_154' title='bbox 380 2365 426 2407; x_wconf 90' lang='lat' dir='ltr'>et</span> <span class='ocrx_word' id='word_1_155' title='bbox 466 2359 793 2422; x_wconf 85' lang='lat' dir='ltr'>qualiacunque</span> <span class='ocrx_word' id='word_1_156' title='bbox 836 2357 952 2418; x_wconf 88' lang='lat' dir='ltr'>sint,</span> <span class='ocrx_word' id='word_1_157' title='bbox 1008 2357 1194 2406; x_wconf 87' lang='lat' dir='ltr'>fundata</span> <span class='ocrx_word' id='word_1_158' title='bbox 1232 2364 1336 2407; x_wconf 90' lang='lat' dir='ltr'>sunt</span> <span class='ocrx_word' id='word_1_159' title='bbox 1375 2376 1512 2426; x_wconf 89' lang='lat' dir='ltr'>super</span> <span class='ocrx_word' id='word_1_160' title='bbox 1548 2361 1675 2410; x_wconf 86' lang='lat' dir='ltr'>basin</span> 
     </span>
     <span class='ocr_line' id='line_1_26' title="bbox 197 2435 1139 2502; baseline 0 -16"><span class='ocrx_word' id='word_1_161' title='bbox 197 2454 369 2499; x_wconf 88' lang='lat' dir='ltr'>eorum,</span> <span class='ocrx_word' id='word_1_162' title='bbox 407 2453 520 2502; x_wconf 88' lang='lat' dir='ltr'>quae</span> <span class='ocrx_word' id='word_1_163' title='bbox 541 2437 724 2484; x_wconf 89' lang='lat' dir='ltr'>inventa</span> <span class='ocrx_word' id='word_1_164' title='bbox 745 2442 848 2484; x_wconf 90' lang='lat' dir='ltr'>sunt</span> <span class='ocrx_word' id='word_1_165' title='bbox 876 2453 901 2483; x_wconf 92' lang='lat' dir='ltr'>a</span> <span class='ocrx_word' id='word_1_166' title='bbox 928 2435 1139 2486; x_wconf 80' lang='lat' dir='ltr'>Graecis.</span> 
     </span>
    </p>

    <p class='ocr_par' dir='ltr' id='par_1_8' title="bbox 201 2515 1679 2743">
     <span class='ocr_line' id='line_1_27' title="bbox 303 2515 1679 2582; baseline 0.003 -18"><span class='ocrx_word' id='word_1_167' title='bbox 303 2516 420 2564; x_wconf 87' lang='lat' dir='ltr'>Erat</span> <span class='ocrx_word' id='word_1_168' title='bbox 456 2522 603 2565; x_wconf 89' lang='lat' dir='ltr'>autem</span> <span class='ocrx_word' id='word_1_169' title='bbox 640 2517 942 2581; x_wconf 87' lang='lat' dir='ltr'>sapientia</span> <span class='ocrx_word' id='word_1_170' title='bbox 980 2515 1334 2565; x_wconf 85' lang='lat' dir='ltr'>Graecorum</span> <span class='ocrx_word' id='word_1_171' title='bbox 1370 2518 1679 2582; x_wconf 87' lang='lat' dir='ltr'>professo-</span> 
     </span>
     <span class='ocr_line' id='line_1_28' title="bbox 201 2596 1678 2663; baseline 0.001 -18"><span class='ocrx_word' id='word_1_172' title='bbox 201 2598 289 2645; x_wconf 87' lang='lat' dir='ltr'>ria</span> <span class='ocrx_word' id='word_1_173' title='bbox 325 2602 381 2646; x_wconf 90' lang='lat' dir='ltr'>et</span> <span class='ocrx_word' id='word_1_174' title='bbox 424 2597 484 2644; x_wconf 91' lang='lat' dir='ltr'>in</span> <span class='ocrx_word' id='word_1_175' title='bbox 531 2596 980 2661; x_wconf 87' lang='lat' dir='ltr'>disputationes</span> <span class='ocrx_word' id='word_1_176' title='bbox 1027 2596 1249 2656; x_wconf 82' lang='lat' dir='ltr'>effusa3</span> <span class='ocrx_word' id='word_1_177' title='bbox 1306 2597 1453 2661; x_wconf 89' lang='lat' dir='ltr'>quod</span> <span class='ocrx_word' id='word_1_178' title='bbox 1499 2616 1678 2663; x_wconf 86' lang='lat' dir='ltr'>genus</span> 
     </span>
     <span class='ocr_line' id='line_1_29' title="bbox 202 2675 1566 2743; baseline 0.001 -19"><span class='ocrx_word' id='word_1_179' title='bbox 202 2677 597 2743; x_wconf 88' lang='lat' dir='ltr'>inquisitioni</span> <span class='ocrx_word' id='word_1_180' title='bbox 634 2676 915 2724; x_wconf 89' lang='lat' dir='ltr'>veritatis</span> <span class='ocrx_word' id='word_1_181' title='bbox 955 2675 1019 2722; x_wconf 89' lang='lat' dir='ltr'>ad</span> <span class='ocrx_word' id='word_1_182' title='bbox 1036 2676 1432 2725; x_wconf 84' lang='lat' dir='ltr'>versissimum</span> <span class='ocrx_word' id='word_1_183' title='bbox 1461 2684 1566 2726; x_wconf 88' lang='lat' dir='ltr'>est.</span> 
     </span>
    </p>

    <p class='ocr_par' dir='ltr' id='par_1_9' title="bbox 206 2754 1682 3063">
     <span class='ocr_line' id='line_1_30' title="bbox 305 2754 1682 2822; baseline -0.002 -16"><span class='ocrx_word' id='word_1_184' title='bbox 305 2757 465 2822; x_wconf 88' lang='lat' dir='ltr'>Itaque</span> <span class='ocrx_word' id='word_1_185' title='bbox 491 2774 649 2804; x_wconf 88' lang='lat' dir='ltr'>nomen</span> <span class='ocrx_word' id='word_1_186' title='bbox 674 2755 788 2803; x_wconf 86' lang='lat' dir='ltr'>illud</span> <span class='ocrx_word' id='word_1_187' title='bbox 823 2754 861 2804; x_wconf 88' lang='lat' dir='ltr'>S</span> <span class='ocrx_word' id='word_1_188' title='bbox 874 2773 898 2803; x_wconf 94' lang='lat' dir='ltr'>o</span> <span class='ocrx_word' id='word_1_189' title='bbox 912 2773 940 2820; x_wconf 89' lang='lat' dir='ltr'>p</span> <span class='ocrx_word' id='word_1_190' title='bbox 954 2755 980 2802; x_wconf 86' lang='lat' dir='ltr'>h</span> <span class='ocrx_word' id='word_1_191' title='bbox 994 2755 1112 2803; x_wconf 87' lang='lat' dir='ltr'>ista</span> <span class='ocrx_word' id='word_1_192' title='bbox 1125 2772 1149 2802; x_wconf 93' lang='lat' dir='ltr'>r</span> <span class='ocrx_word' id='word_1_193' title='bbox 1163 2773 1189 2803; x_wconf 94' lang='lat' dir='ltr'>u</span> <span class='ocrx_word' id='word_1_194' title='bbox 1201 2773 1244 2803; x_wconf 91' lang='lat' dir='ltr'>m</span> <span class='ocrx_word' id='word_1_195' title='bbox 1254 2791 1270 2818; x_wconf 94' lang='lat'>,</span> <span class='ocrx_word' id='word_1_196' title='bbox 1321 2757 1437 2821; x_wconf 90' lang='lat' dir='ltr'>quod</span> <span class='ocrx_word' id='word_1_197' title='bbox 1465 2775 1548 2822; x_wconf 90' lang='lat' dir='ltr'>per</span> <span class='ocrx_word' id='word_1_198' title='bbox 1569 2773 1682 2804; x_wconf 90' lang='lat' dir='ltr'>con-</span> 
     </span>
     <span class='ocr_line' id='line_1_31' title="bbox 206 2835 1682 2902; baseline -0.002 -16"><span class='ocrx_word' id='word_1_199' title='bbox 206 2843 390 2887; x_wconf 91' lang='lat' dir='ltr'>temtum</span> <span class='ocrx_word' id='word_1_200' title='bbox 420 2838 476 2885; x_wconf 88' lang='lat' dir='ltr'>ab</span> <span class='ocrx_word' id='word_1_201' title='bbox 509 2838 565 2885; x_wconf 85' lang='lat' dir='ltr'>iis</span> <span class='ocrx_word' id='word_1_202' title='bbox 579 2872 594 2898; x_wconf 93' lang='lat'>,</span> <span class='ocrx_word' id='word_1_203' title='bbox 630 2837 706 2902; x_wconf 89' lang='lat' dir='ltr'>qui</span> <span class='ocrx_word' id='word_1_204' title='bbox 738 2852 786 2883; x_wconf 90' lang='lat' dir='ltr'>se</span> <span class='ocrx_word' id='word_1_205' title='bbox 821 2835 1114 2900; x_wconf 85' lang='lat' dir='ltr'>philosophos</span> <span class='ocrx_word' id='word_1_206' title='bbox 1142 2835 1299 2884; x_wconf 88' lang='lat' dir='ltr'>haberi</span> <span class='ocrx_word' id='word_1_207' title='bbox 1334 2838 1595 2896; x_wconf 88' lang='lat' dir='ltr'>voluerunt,</span> <span class='ocrx_word' id='word_1_208' title='bbox 1635 2836 1682 2883; x_wconf 91' lang='lat' dir='ltr'>in</span> 
     </span>
     <span class='ocr_line' id='line_1_32' title="bbox 207 2914 1682 2982; baseline 0.001 -19"><span class='ocrx_word' id='word_1_209' title='bbox 207 2918 414 2982; x_wconf 85' lang='lat' dir='ltr'>antiquos</span> <span class='ocrx_word' id='word_1_210' title='bbox 447 2917 652 2966; x_wconf 85' lang='lat' dir='ltr'>rhetores</span> <span class='ocrx_word' id='word_1_211' title='bbox 685 2916 904 2981; x_wconf 78' lang='lat' dir='ltr'>rejectum</span> <span class='ocrx_word' id='word_1_212' title='bbox 934 2919 978 2962; x_wconf 90' lang='lat' dir='ltr'>et</span> <span class='ocrx_word' id='word_1_213' title='bbox 1010 2914 1263 2962; x_wconf 85' lang='lat' dir='ltr'>traductum</span> <span class='ocrx_word' id='word_1_214' title='bbox 1291 2920 1375 2974; x_wconf 87' lang='lat' dir='ltr'>est,</span> <span class='ocrx_word' id='word_1_215' title='bbox 1417 2915 1682 2978; x_wconf 68' lang='lat' dir='ltr'>Gorgiam,</span> 
     </span>
     <span class='ocr_line' id='line_1_33' title="bbox 210 2993 1682 3063; baseline -0.002 -18"><span class='ocrx_word' id='word_1_216' title='bbox 210 2996 589 3059; x_wconf 77' lang='lat' dir='ltr'>Protagoram,</span> <span class='ocrx_word' id='word_1_217' title='bbox 621 2997 885 3063; x_wconf 75' lang='lat' dir='ltr'>Hippiam,</span> <span class='ocrx_word' id='word_1_218' title='bbox 916 2995 1120 3054; x_wconf 74' lang='lat' dir='ltr'>Polum,</span> <span class='ocrx_word' id='word_1_219' title='bbox 1143 2994 1277 3041; x_wconf 87' lang='lat' dir='ltr'>etiam</span> <span class='ocrx_word' id='word_1_220' title='bbox 1298 2993 1506 3044; x_wconf 88' lang='lat' dir='ltr'>universo</span> <span class='ocrx_word' id='word_1_221' title='bbox 1527 2997 1682 3061; x_wconf 82' lang='lat' dir='ltr'>generi</span> 
     </span>
    </p>
   </div>
  </div>
 </body>
</html>
