2031 3490
581 296 831 343 NOVUM
888 296 1260 342 ORGANUM.
1561 298 1658 346 109

176 420 269 484 jam
291 419 379 468 erit
398 424 444 468 ct
466 426 649 486 parata3
686 427 833 467 tamen
865 417 1026 464 nullo
1058 416 1218 465 modo
1253 415 1491 468 sufficit
1527 422 1660 472 intel-

180 499 356 562 lectuS,
388 506 438 547 ut
479 501 527 547 in
564 500 688 545 illam
724 497 954 544 materiem
991 502 1097 560 agat
1128 504 1287 562 sponte
1315 503 1360 546 et
1386 502 1661 565 memoriter,

181 597 269 626 non
290 582 449 644 magis,
488 594 617 643 quam
639 577 677 624 si
707 577 805 641 quis
829 577 1206 641 computationem
1233 578 1426 642 alicujus
1446 580 1661 645 epheme-

180 659 292 706 ridis
317 659 574 706 memoriter
596 674 644 705 se
668 663 822 704 tenere
845 662 889 704 et
913 673 1126 720 superare
1150 674 1283 721 posse
1295 666 1459 722 speret.
1507 660 1661 725 Atque

178 738 394 786 hactenus
418 745 582 797 tamen,
610 737 806 801 potiores
829 736 1131 784 meditationis
1154 742 1333 801 partes,
1366 756 1493 803 quam
1518 741 1661 806 scrip-

179 819 346 879 tionis,
385 819 431 865 in
468 817 735 865 inveniendo
774 816 978 875 fuerunt3
1031 833 1173 880 nequ
1189 834 1213 864 e
1255 817 1439 866 adhuc
1487 836 1550 868 ex
1566 838 1593 885 p
1607 838 1661 869 e-

180 898 406 946 rientia
440 899 690 945 litei-ata
718 896 876 942 facta
911 900 1024 954 est3
1071 897 1194 960 atqui
1231 899 1401 945 nulla
1433 899 1554 947 nisi
1594 900 1659 948 de

180 979 408 1043 scripto
442 977 712 1025 inventio
749 974 1039 1039 probanda
1071 981 1156 1022 est.

281 1067 400 1115 Illa
438 1068 670 1116 veroin
716 1084 875 1115 usum
912 1065 1219 1128 veniente,
1258 1068 1322 1115 ab
1357 1069 1662 1134 experien-

178 1148 282 1210 tia,
317 1148 481 1197 facta
505 1148 722 1196 demum
752 1147 1024 1207 literata,
1062 1147 1662 1213 melius'sperandum.

870 1282 977 1330 CII.

280 1375 432 1440 Atque
467 1374 670 1439 insuper,
708 1390 807 1421 cum
852 1380 1051 1421 tantus
1098 1373 1158 1420 sit
1203 1373 1662 1437 particularium

177 1472 206 1502 n
221 1472 248 1502 u
263 1472 303 1502 m
317 1471 341 1502 e
353 1471 414 1501 ru
428 1471 449 1501 s
479 1459 524 1502 et
541 1454 667 1518 quasi
689 1454 933 1514 exercitus,
953 1453 1081 1517 isque
1100 1453 1164 1500 ita
1184 1469 1366 1517 sparsus
1389 1461 1434 1501 et
1455 1454 1661 1516 diffusus,

177 1540 227 1582 ut
251 1534 528 1582 intellectum
554 1533 782 1597 disgreget
804 1539 847 1581 et
870 1532 1141 1593 confundat,
1179 1532 1243 1579 de
1280 1532 1663 1581 velitationi-

177 1615 283 1662 bus
321 1620 375 1662 et
420 1613 648 1661 levibus
693 1613 948 1660 motibus
999 1617 1055 1659 et
1099 1613 1541 1660 transcursibus
1577 1613 1663 1660 in-

175 1694 487 1754 tellectus,
524 1710 632 1741 non
668 1694 811 1740 bene
846 1691 1191 1756 sperandum
1227 1693 1339 1751 est3
1383 1692 1503 1740 nisi
1548 1692 1662 1740 fiat

175 1773 501 1821 instructio
539 1779 595 1820 et
641 1772 1021 1820 coordinatio
1061 1773 1191 1836 [per
1231 1772 1468 1820 tabulas
1502 1772 1663 1820 inve-

175 1852 382 1901 niendi
418 1851 659 1900 idoneas
696 1852 871 1900 etbene
901 1851 1165 1916 dispositas,
1204 1856 1249 1899 et
1268 1857 1480 1915 tanquam
1510 1852 1659 1913 vivas]

176 1950 348 1994 eorum,
371 1949 484 1997 quae
507 1932 734 1997 pertinent
756 1931 810 1978 ad
834 1932 1083 1995 subjectum
1105 1932 1152 1978 in
1176 1947 1262 1995 quo
1285 1937 1491 1978 versatur
1511 1931 1663 1996 inqui-

175 2013 299 2061 sitio.
347 2013 539 2076 Atque
569 2012 632 2058 ad
666 2012 860 2059 harum
892 2011 1219 2059 tabularum
1245 2011 1475 2058 auxilia
1502 2027 1662 2076 prae-

175 2098 388 2157 parata
421 2099 478 2140 et
512 2092 747 2156 digesta
781 2108 935 2140 mens
967 2090 1327 2156 applicetur.

854 2225 985 2274 CIII.

279 2316 453 2365 Verum
475 2323 580 2382 post
597 2318 773 2383 copiam
795 2317 1155 2383 particularium,
1191 2317 1279 2365 rite
1300 2323 1345 2365 et
1365 2315 1539 2378 ordine,
1570 2317 1662 2364 vel-

177 2397 243 2445 uti
271 2398 353 2444 sub
381 2398 537 2445 oculos
559 2399 826 2462 positorum,
863 2415 892 2444 n
908 2414 933 2445 o
949 2414 976 2444 n
1008 2397 1211 2445 statim
1248 2396 1662 2444 transcundum

177 2482 262 2525 est
314 2476 379 2524 ad
433 2477 791 2541 inquisition
807 2494 883 2525 em
935 2483 981 2525 et
1027 2477 1330 2525 inventionem
1383 2494 1411 2523 n
1427 2493 1661 2524 ovorum

174 2556 517 2622 particularium
543 2563 621 2605 aut
650 2575 851 2623 operum,
890 2563 966 2605 aut
988 2558 1166 2619 saltem,
1204 2557 1244 2604 si
1267 2556 1356 2605 hoc
1377 2557 1482 2618 fiat,
1528 2556 1576 2603 in
1607 2573 1660 2604 co

174 2653 265 2685 non
290 2636 678 2701 acquiescendum.

278 2726 439 2793 Neque
455 2729 573 2776 enim
595 2745 825 2793 negamus,
851 2734 1087 2793 postquam
1110 2727 1260 2776 omnia
1281 2726 1476 2774 omnium
1499 2725 1660 2773 artium

177 2808 487 2872 experimenta
528 2809 722 2857 collecta
753 2814 798 2856 et
830 2808 1003 2872 digesta
1034 2809 1229 2869 fuerint,
1272 2813 1405 2871 atque
1439 2805 1495 2852 ad
1528 2805 1660 2851 unius

175 2885 370 2935 hominis
403 2888 609 2937 notitiam
642 2894 686 2936 et
714 2888 932 2953 judicium
968 2888 1285 2952 pervenerint,
1332 2887 1438 2950 quin
1475 2901 1531 2932 ex
1559 2884 1660 2949 ipsa

174 2963 455 3015 traductione
487 2970 897 3033 experimentorum
932 2968 1062 3014 unius
1106 2967 1217 3014 artis
1254 2966 1302 3013 in
1332 2965 1473 3027 alias,
1520 2965 1661 3013 multa
