2064 3490
717 272 1145 311 PROOEMIUM.
1651 270 1679 311 9

194 392 259 439 ita
290 388 462 455 pridem
502 386 811 446 introductos,
845 387 1007 432 multas
1046 386 1255 448 regiones
1284 387 1597 448 peragratura]
1636 392 1680 433 et

193 476 252 508 ex
288 464 513 507 sectarum
550 455 832 519 malignitate
870 460 913 502 et
951 471 1010 502 ex
1048 452 1397 518 compendiariis
1433 454 1534 500 istis
1564 454 1680 501 arti-

195 527 312 575 ficiis
345 533 390 575 et
424 526 614 574 cautelis
652 539 765 588 quae
802 523 849 571 in
875 523 1143 570 eruditionis
1166 523 1316 570 locum
1341 528 1678 586 surrepserunt,

192 612 283 644 non
321 596 536 643 minorin
572 594 730 641 literas
767 597 813 639 et
849 592 1064 640 scientias
1097 592 1302 655 procella
1337 590 1573 639 videbatur
1592 592 1682 639 im-

192 664 403 730 pendere.
475 662 576 711 Nec
621 661 1005 726 typographorum
1055 661 1239 708 officina
1280 661 1351 708 his
1382 661 1513 708 malis
1549 660 1682 708 suffi-

193 750 298 783 cere
336 739 486 797 queat.
557 732 710 795 Atque
743 731 828 778 ista
868 730 1045 794 quidem
1076 730 1273 777 imbellis
1312 729 1535 790 doctrIna,
1567 746 1681 795 quae

194 802 288 851 otio
321 803 476 863 alitur,
514 800 716 866 praemio
747 805 791 847 et
819 799 954 847 laude
983 799 1248 860 efflorescit,
1285 814 1398 862 quae
1438 798 1681 847 vehemen-

194 873 305 920 tiam
331 871 558 936 opinionis
585 886 674 917 non
698 868 908 928 sustinet,
930 873 976 915 et
999 868 1214 916 artificiis·
1227 872 1272 915 et
1291 868 1555 932 imposturis
1578 869 1682 916 elu-

194 941 345 1001 ditur,
382 941 439 986 iis
475 955 589 1003 quae
627 938 723 985 dixi
759 937 1092 1002 impedimentis
1130 937 1350 984 obruitur.

294 1007 460 1073 Longe
498 1008 589 1055 alia
620 1007 738 1054 ratio
776 1012 845 1054 est
881 1006 1126 1067 scientiae,
1177 1006 1307 1070 cujus
1354 1004 1552 1069 dignitas
1587 1007 1682 1054 uti-

194 1078 400 1126 litatibus
436 1083 482 1125 et
509 1077 720 1142 operibus
754 1075 968 1122 munitur.

290 1148 365 1195 Ac
401 1146 457 1194 de
492 1152 742 1210 temporum
779 1145 962 1209 injuriis
993 1144 1089 1192 fere
1125 1160 1312 1192 securus
1345 1160 1472 1203 sum,
1507 1142 1562 1191 de
1594 1143 1682 1191 ho·-

193 1216 362 1265 minum
404 1232 507 1263 vero
537 1215 719 1280 injuriis
756 1231 846 1262 non
873 1214 1052 1260 laboro.
1124 1211 1182 1261 Si
1217 1213 1317 1277 quis
1353 1214 1472 1260 enim
1509 1229 1580 1261 me
1607 1213 1684 1259 ni-

193 1285 280 1333 mis
317 1286 456 1333 altum
488 1300 648 1349 sapere
680 1284 831 1344 dicat,
868 1281 1120 1346 respondeo
1142 1281 1454 1346 simpliciter:
1502 1281 1568 1328 In
1598 1281 1680 1329 ci-

197 1354 431 1402 vilibus
466 1354 633 1401 rebus
670 1369 801 1401 esse
838 1351 1162 1399 modestiae
1199 1351 1415 1411 locum,
1457 1350 1512 1397 in
1551 1367 1683 1398 con-

198 1423 695 1489 templationibus
753 1422 1031 1469 veritati.
1113 1419 1171 1469 Si
1227 1420 1326 1485 quis
1373 1436 1484 1468 vero
1543 1436 1683 1485 opera

198 1493 350 1541 statim
400 1492 582 1556 exigat,
629 1491 703 1555 ajo
753 1491 850 1538 sine
889 1491 1009 1537 omui
1041 1490 1317 1554 impostura:
1365 1488 1455 1536 Me
1500 1488 1686 1536 homi-

197 1578 320 1610 nem
344 1578 452 1609 non
478 1577 670 1608 senem
697 1559 1220 1620 valetudinarium,
1244 1558 1535 1606 civilibus
1564 1564 1684 1606 stu-

198 1630 319 1678 diis
374 1630 780 1695 implicatum,
835 1645 947 1676 rem
1000 1628 1257 1675 omnium
1320 1628 1686 1675 obscurissi-

197 1717 332 1748 mam
370 1700 496 1747 sine
534 1698 675 1747 duce
712 1715 775 1746 ac
804 1699 937 1745 luce
977 1714 1348 1761 aggressum,
1387 1697 1531 1744 satis
1551 1713 1685 1762 pro-

198 1769 461 1829 fecisse,
496 1769 545 1815 si
583 1768 906 1816 machinam
939 1767 1119 1832 ipsam
1156 1783 1218 1814 ac
1253 1766 1546 1814 fabricam
1591 1783 1686 1815 ex-

200 1838 524 1887 struxerint
549 1873 564 1899 ,
615 1838 775 1885 licet
822 1853 938 1884 eam
984 1854 1096 1883 non
1156 1836 1536 1884 exercuerim
1587 1841 1686 1884 aut

199 1907 492 1956 moverim.
596 1907 670 1954 Ac
738 1906 894 1954 eodem
969 1905 1165 1953 candore
1225 1905 1471 1970 profiteor:
1573 1904 1686 1953 IN-

200 1974 972 2025 TERPRETATIONEM
1017 1973 1414 2022 NATURAE
1460 1972 1689 2022 LEGI-

201 2045 502 2107 TIMAM,
544 2046 603 2092 in
652 2045 833 2110 primo
880 2044 1198 2107 adscensu,
1243 2050 1560 2108 antequam
1618 2043 1687 2091 ad

201 2115 440 2181 gradum
495 2120 724 2163 certum
777 2115 1139 2177 generalium
1195 2121 1538 2178 perventum
1588 2113 1687 2175 sit,

202 2186 270 2234 ab
317 2184 472 2233 omni
517 2185 931 2250 applicatione
981 2183 1051 2230 ad
1100 2200 1316 2248 opera,
1376 2199 1578 2248 puram
1620 2199 1687 2231 ac

201 2255 531 2320 sejunctam
577 2254 808 2302 servari
854 2253 1092 2301 debere.·
1157 2252 1306 2313 Quin
1347 2258 1400 2300 et
1445 2268 1548 2300 eos
1578 2269 1688 2301 om-

202 2341 329 2385 neS,
380 2324 474 2388 qui
522 2337 1015 2374 EXPERIENTIAE
1063 2339 1119 2370 se
1171 2321 1339 2369 undis
1386 2322 1585 2386 aliqua
1622 2338 1690 2370 ex

201 2400 375 2458 parte
431 2392 820 2454 dediderunt,
880 2410 999 2441 cum
1054 2391 1239 2439 animo
1285 2407 1483 2455 parum
1530 2390 1688 2439 firmi

204 2466 304 2510 aut
337 2462 770 2509 ostentationis
802 2461 994 2527 cupidi
1028 2465 1241 2521 essent,
1276 2474 1339 2510 ΙΝ
1370 2472 1690 2510 INTROITU

204 2544 469 2582 OPERUM
506 2532 763 2596 pignora
807 2530 1233 2595 intempestive
1278 2531 1690 2594 investigasse

205 2607 261 2650 et
328 2614 479 2650 INDE
556 2602 900 2648 exturbatos
977 2607 1030 2648 et
1088 2599 1409 2663 naufragos
1489 2600 1690 2647 fuisse

206 2669 350 2719 scio.
433 2669 490 2717 Si
530 2670 630 2734 quis
676 2677 823 2718 autem
873 2670 1230 2736 pollicitationes
1270 2671 1429 2717 saltem
1483 2669 1690 2733 particu-

207 2741 327 2787 lares
380 2739 608 2804 requirat,
677 2739 716 2786 is
772 2740 973 2788 noverit:
1046 2739 1349 2799 Homines,
1416 2755 1520 2803 per
1574 2755 1689 2785 eam

209 2825 355 2874 quae
387 2825 539 2857 nuno
571 2809 626 2855 in
660 2826 760 2856 usu
794 2815 882 2857 est
913 2809 1249 2869 scientiam,
1286 2825 1352 2857 ne
1385 2808 1532 2855 satis
1565 2806 1690 2854 doc-

208 2885 299 2926 tos
345 2877 409 2926 ad
466 2879 779 2943 optandum
833 2877 1056 2942 quidem
1115 2895 1260 2927 esse.
1354 2876 1485 2937 Quod
1542 2881 1690 2924 autem

209 2947 394 2997 minoris
432 2948 645 2997 momenti
678 2965 749 2997 rcs
789 2955 883 3008 est,
929 2948 965 2996 si
1006 2948 1103 3013 quis
1142 2965 1198 2995 ex
1238 2945 1439 3012 politicis
1473 2944 1692 3010 judicium
