1947 3456
312 284 371 327 36
634 281 969 329 ΒΕῙᾸΝΕΑἸῚΟ
1003 294 1048 321 m·
1080 283 1483 324 AfflfflMENTUM.

316 394 544 455 cathedra,
568 395 643 443 sod
657 412 713 443 ex
734 413 874 459 aequo
888 412 984 443 cum
1001 396 1208 456 caeteris,
1230 402 1361 460 atque
1375 395 1624 460 hujusmodi
1641 415 1780 463 quae-

317 476 416 522 dam
431 474 544 539 apud
560 491 657 522 cum
681 491 933 522 consessum
950 476 1081 522 verba
1099 474 1219 523 fecit.
1255 474 1369 521 Nam
1388 476 1552 538 ajebat,
1577 477 1650 539 qui
1669 477 1779 526 haec

320 556 554 603 narrabat:
591 555 694 612 „Se
706 553 795 602 illa
809 562 920 601 tum
943 554 1203 618 excepisse
1221 561 1284 601 ut
1300 554 1495 619 potuit,
1518 555 1641 603 licet
1664 573 1779 604 eum

320 636 493 700 „apud
505 651 573 693 se,
596 651 701 681 una
714 651 825 681 cum
839 633 926 680 illo
940 633 1102 680 amico
1117 650 1225 691 suo,
1247 634 1318 695 qui
1341 650 1435 679 eum
1453 634 1780 696 introduxerat,

326 733 420 774 „ea
440 720 849 774 recognosceret,
856 713 1157 775 fateretur,
1180 728 1241 758 ea
1259 711 1408 773 longe
1423 713 1680 776 inferiora
1698 715 1779 774 iis,

326 812 487 860 „quae
509 802 620 841 tum
641 792 784 839 dicta
805 798 990 850 essent,
1011 791 1120 838 visa
1139 793 1293 838 esse.“
1346 789 1612 854 Exemplum
1634 798 1779 840 autem

325 873 539 922 orationis
552 907 566 932 ‚
601 870 715 935 quod
751 870 871 916 circa
907 887 953 916 se
984 870 1173 915 habehat
1189 904 1201 927 ,
1242 868 1506 931 proserehaf.
1577 871 1694 918 Illud
1720 871 1783 918 ita

324 954 410 1000 scri
419 958 536 1016 ptum
554 958 670 998 erat:
705 986 732 1009 ‚‚
748 950 823 997 Vo
837 968 860 998 s
889 968 917 998 c
929 967 953 997 e
965 967 994 995 r
1007 957 1030 996 t
1043 966 1084 1005 e,
1095 948 1261 1011 filii,
1285 947 1317 995 Ῐι
1328 965 1355 996 o
1368 967 1417 996 m
1429 950 1492 996 in
1503 968 1528 997 e
1541 968 1564 999 s
1589 969 1614 998 e
1626 969 1649 999 s
1662 959 1685 999 t
1699 951 1752 1000 is
1762 954 1781 998 Ι

324 1034 438 1080 hoc
471 1039 598 1089 est,
637 1038 710 1077 ut
746 1047 857 1090 ego
891 1028 1220 1086 existimo,
1260 1045 1380 1074 non
1416 1031 1780 1078 animantes

324 1111 552 1169 erecti,
589 1110 699 1156 sed
734 1109 889 1154 Divi
913 1107 1194 1154 mortale
1211 1123 1247 1154 s.
1301 1107 1411 1153 DE
1427 1108 1533 1168 US,
1568 1110 1788 1156 mundi

325 1189 639 1238 eonditor
684 1196 747 1235 et
792 1195 1102 1245 restrum,
1158 1179 1403 1234 animas
1446 1190 1636 1236 'vobis
1687 1190 1780 1236 do—

325 1288 359 1317 n
373 1288 442 1318 az·
458 1270 511 1316 it
549 1285 643 1315 mu
656 1268 767 1315 ndi
803 1268 863 1331 ip
880 1284 903 1315 s
917 1267 982 1314 iu
997 1283 1020 1313 s
1071 1282 1186 1329 cap
1202 1282 1309 1312 ace
1323 1282 1346 1313 s
1401 1283 1474 1312 ne
1490 1285 1518 1313 c
1568 1274 1635 1314 ta
1649 1258 1781 1314 meu

325 1366 392 1396 eo
438 1350 575 1412 ipso
624 1347 840 1411 quovis
886 1363 974 1392 mo
991 1346 1065 1392 (lo
1112 1345 1472 1392 satiandas.
1544 1345 1738 1410 Itaqu
1755 1363 1781 1393 e

311 1429 513 1491 fidem
542 1444 570 1473 v
588 1443 613 1473 e
628 1433 832 1473 stram
880 1425 1005 1472 sibi
1034 1441 1056 1471 s
1073 1439 1180 1486 epo
1195 1422 1326 1469 suit
1372 1429 1435 1468 et
1475 1440 1542 1470 re
1559 1425 1699 1470 tinn
1713 1426 1782 1483 it,

324 1507 619 1554 mundum
655 1522 679 1553 s
696 1503 886 1551 ensui
915 1501 1262 1557 attribuit,
1298 1509 1536 1549 neutra
1572 1510 1783 1550 autem

325 1585 596 1634 oracula
640 1583 828 1631 clara
874 1597 1013 1628 esse
1059 1579 1267 1626 voluit
1319 1581 1429 1627 sed
1470 1582 1782 1640 involuta,

328 1681 525 1729 neque
583 1662 775 1727 queri
812 1678 847 1725 p
867 1659 1131 1716 otestiS,
1194 1659 1253 1706 si
1290 1676 1398 1707 scos
1447 1670 1781 1721 excerceat,

326 1744 574 1809 quando
589 1742 836 1806 quidem
893 1738 1354 1787 eoecellente'am
1414 1755 1563 1786 reru
1577 1758 1626 1787 m
1696 1757 1782 1788 re-

319 1841 354 1888 p
369 1824 487 1870 end
496 1840 527 1869 a
539 1829 580 1869 t.
650 1820 820 1884 Atque
857 1820 919 1866 cle
941 1820 1091 1873 rebus
1118 1818 1299 1865 divinis
1337 1819 1534 1882 optima
1564 1820 1625 1866 de
1644 1820 1780 1868 vobis

326 1919 475 1967 spero
490 1920 511 1959 ,·
544 1902 685 1948 eirca
705 1900 931 1947 humana
963 1906 1139 1946 autem
1153 1934 1166 1958 ,
1196 1905 1370 1944 metuo
1389 1899 1526 1945 vobis
1538 1934 1552 1958 ,
1584 1916 1646 1946 ne
1672 1899 1781 1946 ‹liu-

326 1989 514 2029 turnus
540 1996 690 2027 error
706 1996 794 2026 ros
818 1995 914 2026 usu
935 1979 1145 2042 ceperit.
1205 1977 1462 2024 Existimo
1491 1977 1622 2041 enim
1637 2013 1649 2036 ‚
1686 1977 1781 2025 lioc

323 2061 463 2125 apvcd
501 2076 589 2107 vos
607 2059 818 2124 penitus
848 2058 1004 2115 credi,
1040 2073 1128 2104 vos
1160 2064 1309 2104 statu
1339 2056 1427 2103 uti
1445 2057 1782 2104 scientiarum

310 2142 546 2201 florente
571 2147 625 2186 et
645 2140 786 2186 bono.
824 2138 937 2199 Ego
967 2153 1150 2184 rursus
1174 2151 1352 2182 moneo
1377 2151 1481 2192 ros,
1502 2152 1563 2181 ne
1588 2152 1779 2194 eorum,

322 2236 451 2283 quae
473 2218 687 2277 habetis,
714 2226 809 2266 aut
831 2218 1048 2282 copiam,
1085 2222 1180 2263 aut
1207 2214 1511 2273 utilitatem,
1542 2215 1694 2279 quasi
1713 2216 1784 2262 acl

322 2316 565 2360 magnum
589 2298 799 2362 aliquod
802 2297 1093 2360 fastigium
1115 2295 1284 2342 evecti
1304 2302 1358 2341 et
1380 2302 1618 2341 votorum
1648 2311 1781 2342 com-

317 2386 468 2441 potes
492 2386 588 2425 aut
609 2377 865 2424 laboribus
883 2375 1174 2440 perfuncti,
1194 2374 1482 2438 accipiatis.
1518 2373 1681 2438 quue
1707 2374 1779 2421 sic

319 2457 658 2504 considerate.
730 2456 790 2503 Si
817 2473 1013 2503 omnem
1033 2455 1176 2501 illam
1204 2454 1519 2517 scriptorum
1553 2453 1778 2500 varieta-

321 2542 444 2592 tem,
466 2552 566 2598 qua
591 2537 837 2583 scientiae
857 2542 1062 2582 tument
1085 2541 1137 2580 et
1163 2532 1520 2585 luxuriantur,
1544 2531 1777 2578 excutia-

318 2615 405 2673 tis,
427 2622 480 2660 et
504 2615 566 2660 (le
582 2632 655 2671 eo,
677 2615 812 2678 quod
829 2615 1098 2675 adferunt,
1121 2612 1319 2675 screpta
1333 2609 1423 2657 illa
1434 2609 1777 2673 interpelletis

319 2701 372 2741 et
415 2695 601 2741 stricte
631 2701 684 2740 et
712 2709 890 2756 presse
915 2692 1222 2739 evamzuetis
1235 2725 1248 2749 ,
1295 2689 1475 2753 ubique
1502 2687 1774 2751 reperietis

316 2774 542 2836 ejusdem
579 2772 662 2818 rei
688 2771 1024 2836 repetitiones
1057 2771 1290 2831 infinitas
1305 2803 1317 2826 ,
1364 2767 1541 2824 verbis,
1579 2766 1772 2824 ordine,

314 2852 573 2915 exemplis,
588 2859 744 2915 atque
768 2850 1122 2898 illustratione
1134 2850 1564 2904 diversas,.rerwn
1576 2862 1774 2893 summa

315 2936 364 2975 et
387 2933 616 2992 pondere
638 2948 699 2979 ae
718 2947 840 2977 vera
855 2936 1128 2994 potestate
1146 2927 1467 2993 praelibatas
1488 2943 1550 2972 ac
1574 2925 1774 2971 demum
