1947 3456
320 297 384 344 95
838 297 1265 341 VERULAMH

318 435 477 465 nervos
512 418 706 477 incidat,
744 425 875 480 atque
903 418 1042 482 ipsius
1072 417 1376 481 experientiae
1410 416 1531 463 aleas
1567 417 1778 480 abjiciat3

318 498 418 544 dum
443 497 496 545 de
527 497 612 543 hoc
647 504 815 543 tantum
846 498 1032 544 solliciti
1071 497 1187 557 sint,
1223 501 1272 543 nt
1299 512 1372 542 ars
1403 511 1554 541 eorum
1578 495 1778 558 perfecta

317 583 568 636 censeatur,
591 575 763 638 gloriae
784 575 1047 621 vanissimae
1075 580 1119 621 et
1144 574 1470 638 perditissimae
1492 573 1647 620 dantes
1667 588 1778 636 ope·-

315 674 426 716 ram,
445 655 619 702 scilicet
641 659 688 700 ut
708 653 915 717 quicquid
938 653 1080 700 adhuc
1105 653 1327 700 inventum
1352 659 1396 700 et
1413 651 1779 716 comprehensum

314 735 499 794 nonsit,
532 733 577 779 id
609 733 786 780 omnino
820 748 903 780 nec
941 731 1149 791 inveniri,
1185 747 1268 778 nec
1301 730 1615 795 comprehendi
1646 746 1777 794 posse

312 816 358 861 in
382 814 575 860 futurum
599 811 823 859 credatur.

412 895 477 940 At
500 893 537 937 si
560 892 658 954 quis
691 892 821 937 rebus
848 889 1010 936 addere
1042 904 1106 948 se,
1132 894 1177 935 et
1196 903 1356 934 novum
1387 886 1554 949 aliquid
1576 886 1774 950 reperire

313 977 525 1030 conetur,
570 971 648 1016 ille
684 977 830 1015 tamen
863 968 1040 1014 omnino
1071 967 1155 1014 sibi
1193 972 1412 1031 proponet
1446 971 1490 1012 et
1519 965 1775 1024 destinabit,

313 1067 445 1097 unum
482 1048 660 1112 aliquod
690 1049 931 1106 inventum,
965 1062 1048 1092 nec
1079 1047 1197 1091 ultra
1227 1045 1499 1107 perscrutari
1523 1051 1567 1092 et
1600 1061 1775 1104 eruere,

312 1135 359 1175 ut
380 1128 637 1188 magnetis
668 1134 942 1182 naturam,
987 1125 1148 1173 maris
1160 1125 1378 1186 fluxum
1410 1131 1464 1171 et
1493 1125 1772 1185 refluxum,

312 1207 484 1255 thema
510 1206 651 1263 coeli,
688 1211 732 1251 et
765 1203 1044 1266 hujusmodi,
1090 1219 1200 1266 quae
1234 1203 1430 1252 secreti
1455 1203 1651 1266 aliquid
1677 1202 1774 1250 Ιια-

310 1289 425 1335 bere
442 1286 685 1332 videntur
709 1289 753 1330 et
780 1283 992 1329 hactenus
1023 1298 1178 1346 parum
1214 1282 1409 1329 feliciter
1434 1287 1626 1328 tractata
1658 1281 1772 1338 sint3

309 1380 443 1427 quum
482 1378 676 1409 smnmae
712 1355 769 1408 sit
809 1361 1086 1424 imperitiae,
1141 1362 1207 1408 rei
1249 1361 1440 1424 alicujus
1482 1366 1683 1406 naturam
1722 1359 1771 1406 in

307 1460 356 1490 se
390 1443 489 1505 ipsa
517 1441 817 1504 perscrutari,
853 1439 1205 1503 quandoquidem
1242 1440 1395 1486 eadem
1425 1445 1611 1497 natura,
1657 1454 1770 1501 quae

305 1523 350 1567 in
379 1521 479 1567 aliis
505 1519 679 1566 videtur
711 1520 856 1565 latens
883 1524 927 1564 et
954 1518 1156 1578 occulta,
1192 1518 1240 1563 in
1263 1518 1364 1564 aliis
1393 1517 1629 1564 manifesta
1649 1517 1706 1563 sit
1725 1522 1769 1564 et

307 1600 432 1663 quasi
463 1597 730 1662 palpabilis,
764 1603 895 1660 atque
929 1597 977 1642 in
1004 1597 1098 1642 illis
1133 1596 1494 1656 admirationem,
1533 1596 1581 1643 in
1609 1596 1680 1642 his
1710 1613 1768 1643 ne

303 1677 592 1724 attentionem
617 1675 791 1738 quidem
813 1680 1002 1722 moveat.

404 1755 469 1802 Ut
501 1755 550 1801 fit
572 1755 625 1802 in
645 1762 842 1802 natura
869 1754 1261 1813 consciscentz‘ae,
1296 1769 1408 1817 quae
1437 1754 1492 1801 in
1525 1753 1664 1815 ligno
1696 1754 1767 1801 vel

300 1835 471 1899 lapide
498 1850 585 1880 non
609 1838 805 1893 notatur,
842 1832 917 1880 sed
939 1833 1095 1881 solidi
1112 1833 1411 1896 appellatione
1433 1833 1766 1895 transmittitur,

299 1929 442 1976 neque
464 1912 652 1975 amplius
670 1912 722 1958 de
744 1912 849 1974 fuga
868 1912 1162 1974 separationis
1185 1917 1261 1958 aut
1281 1911 1517 1959 solutionis
1539 1913 1767 1959 continui-

300 1991 405 2037 tatis
432 1991 696 2053 inquiritur3
732 1996 776 2036 at
798 1992 852 2038 in
876 2008 1130 2055 aquarum
1156 1990 1303 2039 bullis
1324 1990 1476 2037 eadem
1498 2007 1570 2037 res
1591 1991 1765 2038 videtur

299 2068 477 2114 subtilis
507 2073 549 2114 et
570 2068 820 2131 ingeniosa,
857 2085 969 2131 quae
991 2070 1137 2116 bullae
1158 2085 1204 2115 se
1231 2069 1479 2131 conjiciunt
1500 2069 1544 2114 in
1566 2069 1764 2132 pellicu-

297 2147 365 2192 las
388 2145 615 2208 quasdam,
646 2147 693 2192 in
718 2147 1034 2210 hemisphaerii
1064 2148 1249 2193 formam
1281 2147 1455 2193 curiose
1489 2146 1679 2208 effictas,
1712 2152 1762 2194 ut

297 2224 350 2270 ad
373 2230 640 2271 momentum
664 2226 875 2289 temporis
896 2225 1086 2272 evitetur
1105 2225 1268 2271 solutio
1295 2224 1618 2272 continuitatis.

398 2303 549 2367 Atque
576 2320 757 2366 prorsus
776 2304 857 2349 illa
877 2305 976 2367 ipsa
1019 2319 1158 2367 quae
1198 2303 1480 2350 habentur
1523 2320 1625 2367 pro
1673 2320 1761 2351 se-

297 2384 507 2442 cretis,
552 2382 608 2428 in
658 2382 800 2428 aliis
841 2383 1051 2429 habent
1095 2387 1355 2429 naturam
1399 2381 1759 2430 manifestam

296 2466 350 2507 et
388 2477 635 2508 commun
651 2477 756 2519 e1n3
794 2478 905 2524 quae
926 2477 1148 2524 nunquam
1169 2478 1217 2508 se
1239 2461 1361 2508 dabit
1380 2460 1758 2524 conspiciendam,

294 2540 333 2585 si
362 2538 587 2585 hominum
610 2540 916 2603 experimenta
944 2545 1019 2585 aut
1047 2540 1445 2603 contemplationes
1464 2539 1511 2586 in
1531 2539 1625 2586 illis
1646 2537 1757 2601 ipsis

293 2623 464 2664 tantum
490 2624 734 2665 versentur.

396 2694 684 2743 Generaliter
717 2701 864 2744 autem
891 2701 936 2743 et
968 2697 1127 2759 vulgo,
1170 2696 1217 2743 in
1244 2697 1452 2761 operibus
1485 2694 1755 2743 mechanicis

293 2774 512 2821 habentur
541 2791 623 2838 pro
652 2775 779 2821 novis
813 2775 1031 2834 inventis,
1077 2777 1117 2822 si
1152 2776 1249 2839 quis
1276 2774 1540 2839 jampridem
1574 2773 1755 2821 inventa

293 2854 499 2900 subtilius
520 2854 680 2917 poliat,
714 2854 783 2900 vel
803 2860 930 2901 ornet
961 2854 1230 2916 elegantius,
1277 2854 1364 2900 vel>
1383 2853 1516 2900 simul
1547 2852 1674 2900 uniat
1708 2859 1753 2900 et

292 2937 554 2994 componat,
604 2934 675 2982 vel
717 2949 817 2982 cum
851 2949 933 2981 usu
974 2931 1246 2980 commodius
1277 2931 1482 2996 copulet,
1518 2935 1594 2980 aut
1622 2946 1752 2996 opus,
