<?xml version="1.0" encoding="UTF-8"?>
<!DOCTYPE html PUBLIC "-//W3C//DTD XHTML 1.0 Transitional//EN"
    "http://www.w3.org/TR/xhtml1/DTD/xhtml1-transitional.dtd">
<html xmlns="http://www.w3.org/1999/xhtml" xml:lang="en" lang="en">
 <head>
  <title>
</title>
<meta http-equiv="Content-Type" content="text/html;charset=utf-8" />
  <meta name='ocr-system' content='tesseract 3.04.00' />
  <meta name='ocr-capabilities' content='ocr_page ocr_carea ocr_par ocr_line ocrx_word'/>
</head>
<body>
  <div class='ocr_page' id='page_1' title='image "./franciscibaconid01baco/franciscibaconid01baco_0107.png"; bbox 0 0 2064 3490; ppageno 0'>
   <div class='ocr_carea' id='block_1_1' title="bbox 596 278 1696 329">
    <p class='ocr_par' dir='ltr' id='par_1_1' title="bbox 596 278 1696 329">
     <span class='ocr_line' id='line_1_1' title="bbox 596 278 1696 329; baseline 0.004 -4"><span class='ocrx_word' id='word_1_1' title='bbox 596 278 856 325; x_wconf 76' lang='lat' dir='ltr'>NOVUM</span> <span class='ocrx_word' id='word_1_2' title='bbox 913 278 1281 325; x_wconf 78' lang='lat' dir='ltr'><strong>ORGANUM</strong></span> <span class='ocrx_word' id='word_1_3' title='bbox 1604 284 1696 329; x_wconf 75' lang='lat'><strong>101</strong></span> 
     </span>
    </p>
   </div>
   <div class='ocr_carea' id='block_1_2' title="bbox 210 398 1697 544">
    <p class='ocr_par' dir='ltr' id='par_1_2' title="bbox 210 398 1697 544">
     <span class='ocr_line' id='line_1_2' title="bbox 313 398 1697 467; baseline 0.001 -18"><span class='ocrx_word' id='word_1_4' title='bbox 313 401 521 467; x_wconf 88' lang='lat' dir='ltr'><strong>Itaque</strong></span> <span class='ocrx_word' id='word_1_5' title='bbox 559 402 644 449; x_wconf 89' lang='lat' dir='ltr'><strong>nil</strong></span> <span class='ocrx_word' id='word_1_6' title='bbox 681 401 893 459; x_wconf 90' lang='lat' dir='ltr'><strong>mirum,</strong></span> <span class='ocrx_word' id='word_1_7' title='bbox 930 398 979 445; x_wconf 82' lang='lat' dir='ltr'><strong>si</strong></span> <span class='ocrx_word' id='word_1_8' title='bbox 1014 415 1104 447; x_wconf 89' lang='lat' dir='ltr'><strong>res</strong></span> <span class='ocrx_word' id='word_1_9' title='bbox 1141 399 1248 448; x_wconf 92' lang='lat' dir='ltr'><strong>illa</strong></span> <span class='ocrx_word' id='word_1_10' title='bbox 1284 418 1392 447; x_wconf 90' lang='lat' dir='ltr'><strong>non</strong></span> <span class='ocrx_word' id='word_1_11' title='bbox 1427 404 1697 454; x_wconf 71' lang='lat' dir='ltr'><strong>feliciter</strong></span> 
     </span>
     <span class='ocr_line' id='line_1_3' title="bbox 210 477 1438 544; baseline 0 -16"><span class='ocrx_word' id='word_1_12' title='bbox 210 483 613 542; x_wconf 81' lang='lat' dir='ltr'><strong>successerit,</strong></span> <span class='ocrx_word' id='word_1_13' title='bbox 645 478 882 544; x_wconf 85' lang='lat' dir='ltr'><strong>quaein</strong></span> <span class='ocrx_word' id='word_1_14' title='bbox 920 477 1135 527; x_wconf 83' lang='lat' dir='ltr'><strong>honore</strong></span> <span class='ocrx_word' id='word_1_15' title='bbox 1166 480 1438 528; x_wconf 84' lang='lat' dir='ltr'><strong>nonfuit.</strong></span> 
     </span>
    </p>
   </div>
   <div class='ocr_carea' id='block_1_3' title="bbox 873 613 1034 662">
    <p class='ocr_par' dir='ltr' id='par_1_3' title="bbox 873 613 1034 662">
     <span class='ocr_line' id='line_1_4' title="bbox 873 613 1034 662; baseline 0 0"><span class='ocrx_word' id='word_1_16' title='bbox 873 613 1034 662; x_wconf 90' lang='lat' dir='ltr'><strong>XCII.</strong></span> 
     </span>
    </p>
   </div>
   <div class='ocr_carea' id='block_1_4' title="bbox 187 705 1692 2757">
    <p class='ocr_par' dir='ltr' id='par_1_4' title="bbox 202 705 1692 1009">
     <span class='ocr_line' id='line_1_5' title="bbox 312 705 1692 771; baseline -0.001 -15"><span class='ocrx_word' id='word_1_17' title='bbox 312 706 408 756; x_wconf 86' lang='lat' dir='ltr'><strong>Sed</strong></span> <span class='ocrx_word' id='word_1_18' title='bbox 464 707 600 771; x_wconf 81' lang='lat' dir='ltr'><strong>louge</strong></span> <span class='ocrx_word' id='word_1_19' title='bbox 657 706 985 766; x_wconf 82' lang='lat' dir='ltr'><strong>maximnm,</strong></span> <span class='ocrx_word' id='word_1_20' title='bbox 1046 705 1359 771; x_wconf 79' lang='lat' dir='ltr'><strong>progressibus</strong></span> <span class='ocrx_word' id='word_1_21' title='bbox 1401 708 1692 755; x_wconf 78' lang='lat' dir='ltr'><strong>scientiarum</strong></span> 
     </span>
     <span class='ocr_line' id='line_1_6' title="bbox 208 784 1691 850; baseline 0.001 -17"><span class='ocrx_word' id='word_1_22' title='bbox 208 790 254 833; x_wconf 91' lang='lat' dir='ltr'><strong>et</strong></span> <span class='ocrx_word' id='word_1_23' title='bbox 274 786 401 833; x_wconf 88' lang='lat' dir='ltr'><strong>novis</strong></span> <span class='ocrx_word' id='word_1_24' title='bbox 437 787 589 850; x_wconf 89' lang='lat' dir='ltr'><strong>pensis</strong></span> <span class='ocrx_word' id='word_1_25' title='bbox 623 803 676 834; x_wconf 89' lang='lat' dir='ltr'><strong>ac</strong></span> <span class='ocrx_word' id='word_1_26' title='bbox 705 786 951 850; x_wconf 86' lang='lat' dir='ltr'><strong>provinciis</strong></span> <span class='ocrx_word' id='word_1_27' title='bbox 980 786 1026 833; x_wconf 91' lang='lat' dir='ltr'><strong>in</strong></span> <span class='ocrx_word' id='word_1_28' title='bbox 1060 786 1217 833; x_wconf 88' lang='lat' dir='ltr'><strong>iisdem</strong></span> <span class='ocrx_word' id='word_1_29' title='bbox 1244 784 1560 848; x_wconf 79' lang='lat' dir='ltr'><strong>suscipiendis,</strong></span> <span class='ocrx_word' id='word_1_30' title='bbox 1598 790 1691 834; x_wconf 84' lang='lat' dir='ltr'><strong>ob-</strong></span> 
     </span>
     <span class='ocr_line' id='line_1_7' title="bbox 205 864 1690 929; baseline 0 -17"><span class='ocrx_word' id='word_1_31' title='bbox 205 866 522 921; x_wconf 87' lang='lat' dir='ltr'><strong>staculum,</strong></span> <span class='ocrx_word' id='word_1_32' title='bbox 569 865 918 929; x_wconf 86' lang='lat' dir='ltr'><strong>deprehenditur</strong></span> <span class='ocrx_word' id='word_1_33' title='bbox 951 866 1006 912; x_wconf 93' lang='lat' dir='ltr'><strong>in</strong></span> <span class='ocrx_word' id='word_1_34' title='bbox 1052 864 1468 929; x_wconf 83' lang='lat' dir='ltr'><strong>desperatione</strong></span> <span class='ocrx_word' id='word_1_35' title='bbox 1512 866 1690 913; x_wconf 76' lang='lat' dir='ltr'><strong>homi-</strong></span> 
     </span>
     <span class='ocr_line' id='line_1_8' title="bbox 202 944 1316 1009; baseline 0 -18"><span class='ocrx_word' id='word_1_36' title='bbox 202 962 322 992; x_wconf 91' lang='lat' dir='ltr'><strong>num</strong></span> <span class='ocrx_word' id='word_1_37' title='bbox 361 952 414 993; x_wconf 92' lang='lat' dir='ltr'><strong>et</strong></span> <span class='ocrx_word' id='word_1_38' title='bbox 449 945 865 1009; x_wconf 86' lang='lat' dir='ltr'><strong>suppositione</strong></span> <span class='ocrx_word' id='word_1_39' title='bbox 897 944 1316 1008; x_wconf 88' lang='lat' dir='ltr'><strong>impossibilis.</strong></span> 
     </span>
    </p>

    <p class='ocr_par' dir='ltr' id='par_1_5' title="bbox 187 1022 1687 2757">
     <span class='ocr_line' id='line_1_9' title="bbox 305 1022 1687 1087; baseline -0.001 -15"><span class='ocrx_word' id='word_1_40' title='bbox 305 1024 471 1072; x_wconf 89' lang='lat' dir='ltr'><strong>Solent</strong></span> <span class='ocrx_word' id='word_1_41' title='bbox 503 1024 620 1071; x_wconf 91' lang='lat' dir='ltr'><strong>enim</strong></span> <span class='ocrx_word' id='word_1_42' title='bbox 669 1023 751 1069; x_wconf 90' lang='lat' dir='ltr'><strong>viri</strong></span> <span class='ocrx_word' id='word_1_43' title='bbox 793 1023 1037 1087; x_wconf 86' lang='lat' dir='ltr'><strong>prudentes</strong></span> <span class='ocrx_word' id='word_1_44' title='bbox 1082 1030 1127 1072; x_wconf 92' lang='lat' dir='ltr'><strong>et</strong></span> <span class='ocrx_word' id='word_1_45' title='bbox 1170 1023 1317 1071; x_wconf 89' lang='lat' dir='ltr'><strong>severi</strong></span> <span class='ocrx_word' id='word_1_46' title='bbox 1350 1023 1395 1069; x_wconf 95' lang='lat' dir='ltr'><strong>in</strong></span> <span class='ocrx_word' id='word_1_47' title='bbox 1429 1022 1687 1086; x_wconf 83' lang='lat' dir='ltr'><strong>hujusmodi</strong></span> 
     </span>
     <span class='ocr_line' id='line_1_10' title="bbox 200 1102 1685 1169; baseline 0.001 -18"><span class='ocrx_word' id='word_1_48' title='bbox 200 1104 334 1151; x_wconf 88' lang='lat' dir='ltr'><strong>rebus</strong></span> <span class='ocrx_word' id='word_1_49' title='bbox 370 1105 504 1169; x_wconf 86' lang='lat' dir='ltr'><strong>plane</strong></span> <span class='ocrx_word' id='word_1_50' title='bbox 542 1102 775 1162; x_wconf 87' lang='lat' dir='ltr'><strong>diffidere,</strong></span> <span class='ocrx_word' id='word_1_51' title='bbox 821 1111 1049 1153; x_wconf 76' lang='lat' dir='ltr'><strong>naturae</strong></span> <span class='ocrx_word' id='word_1_52' title='bbox 1089 1104 1491 1161; x_wconf 69' lang='lat' dir='ltr'><strong>obscuritatem,</strong></span> <span class='ocrx_word' id='word_1_53' title='bbox 1543 1104 1685 1152; x_wconf 71' lang='lat' dir='ltr'><strong>vitae</strong></span> 
     </span>
     <span class='ocr_line' id='line_1_11' title="bbox 202 1183 1683 1250; baseline -0.001 -18"><span class='ocrx_word' id='word_1_54' title='bbox 202 1184 527 1243; x_wconf 71' lang='lat' dir='ltr'><strong>brevitatem,</strong></span> <span class='ocrx_word' id='word_1_55' title='bbox 550 1200 793 1232; x_wconf 79' lang='lat' dir='ltr'><strong>sensuum</strong></span> <span class='ocrx_word' id='word_1_56' title='bbox 798 1183 1078 1247; x_wconf 71' lang='lat' dir='ltr'><strong>fallacias,</strong></span> <span class='ocrx_word' id='word_1_57' title='bbox 1088 1184 1289 1250; x_wconf 67' lang='lat' dir='ltr'><strong>judicii</strong></span> <span class='ocrx_word' id='word_1_58' title='bbox 1298 1183 1683 1244; x_wconf 67' lang='lat' dir='ltr'><strong>mfirme’tatem‚</strong></span> 
     </span>
     <span class='ocr_line' id='line_1_12' title="bbox 200 1263 1684 1329; baseline -0.003 -18"><span class='ocrx_word' id='word_1_59' title='bbox 200 1264 677 1329; x_wconf 69' lang='lat' dir='ltr'><strong>experimentorum</strong></span> <span class='ocrx_word' id='word_1_60' title='bbox 707 1263 1068 1329; x_wconf 72' lang='lat' dir='ltr'><strong>dffeultates,</strong></span> <span class='ocrx_word' id='word_1_61' title='bbox 1103 1269 1148 1311; x_wconf 89' lang='lat' dir='ltr'><strong>et</strong></span> <span class='ocrx_word' id='word_1_62' title='bbox 1170 1263 1337 1310; x_wconf 89' lang='lat' dir='ltr'><strong>similia</strong></span> <span class='ocrx_word' id='word_1_63' title='bbox 1369 1278 1517 1308; x_wconf 85' lang='lat' dir='ltr'><strong>seeum</strong></span> <span class='ocrx_word' id='word_1_64' title='bbox 1543 1278 1684 1325; x_wconf 87' lang='lat' dir='ltr'><strong>repu-</strong></span> 
     </span>
     <span class='ocr_line' id='line_1_13' title="bbox 198 1340 1683 1407; baseline -0.001 -19"><span class='ocrx_word' id='word_1_65' title='bbox 198 1349 363 1390; x_wconf 84' lang='lat' dir='ltr'><strong>tantes.</strong></span> <span class='ocrx_word' id='word_1_66' title='bbox 441 1342 602 1406; x_wconf 88' lang='lat' dir='ltr'><strong>Itaque</strong></span> <span class='ocrx_word' id='word_1_67' title='bbox 636 1342 923 1404; x_wconf 82' lang='lat' dir='ltr'><strong>existimant,</strong></span> <span class='ocrx_word' id='word_1_68' title='bbox 978 1359 1077 1390; x_wconf 90' lang='lat' dir='ltr'><strong>esse</strong></span> <span class='ocrx_word' id='word_1_69' title='bbox 1111 1341 1324 1407; x_wconf 87' lang='lat' dir='ltr'><strong>quosdam</strong></span> <span class='ocrx_word' id='word_1_70' title='bbox 1373 1340 1683 1402; x_wconf 84' lang='lat' dir='ltr'><strong>scientiarum,</strong></span> 
     </span>
     <span class='ocr_line' id='line_1_14' title="bbox 196 1420 1682 1486; baseline -0.001 -17"><span class='ocrx_word' id='word_1_71' title='bbox 196 1438 279 1486; x_wconf 90' lang='lat' dir='ltr'><strong>per</strong></span> <span class='ocrx_word' id='word_1_72' title='bbox 311 1427 559 1486; x_wconf 82' lang='lat' dir='ltr'><strong>temporum</strong></span> <span class='ocrx_word' id='word_1_73' title='bbox 589 1428 634 1470; x_wconf 91' lang='lat' dir='ltr'><strong>et</strong></span> <span class='ocrx_word' id='word_1_74' title='bbox 666 1427 860 1469; x_wconf 84' lang='lat' dir='ltr'><strong>aetatum</strong></span> <span class='ocrx_word' id='word_1_75' title='bbox 906 1422 1058 1469; x_wconf 89' lang='lat' dir='ltr'><strong>mundi</strong></span> <span class='ocrx_word' id='word_1_76' title='bbox 1092 1421 1420 1481; x_wconf 83' lang='lat' dir='ltr'><strong>revolutiones,</strong></span> <span class='ocrx_word' id='word_1_77' title='bbox 1453 1420 1602 1467; x_wconf 75' lang='lat' dir='ltr'><strong>fluxus</strong></span> <span class='ocrx_word' id='word_1_78' title='bbox 1637 1425 1682 1468; x_wconf 87' lang='lat' dir='ltr'><strong>et</strong></span> 
     </span>
     <span class='ocr_line' id='line_1_15' title="bbox 195 1500 1681 1567; baseline 0 -19"><span class='ocrx_word' id='word_1_79' title='bbox 195 1502 413 1562; x_wconf 88' lang='lat' dir='ltr'><strong>refluxus,</strong></span> <span class='ocrx_word' id='word_1_80' title='bbox 450 1518 550 1550; x_wconf 86' lang='lat' dir='ltr'><strong>cum</strong></span> <span class='ocrx_word' id='word_1_81' title='bbox 580 1502 683 1548; x_wconf 83' lang='lat' dir='ltr'><strong>aliis</strong></span> <span class='ocrx_word' id='word_1_82' title='bbox 710 1503 986 1567; x_wconf 86' lang='lat' dir='ltr'><strong>temporibus</strong></span> <span class='ocrx_word' id='word_1_83' title='bbox 1017 1507 1225 1550; x_wconf 82' lang='lat' dir='ltr'><strong>crescant</strong></span> <span class='ocrx_word' id='word_1_84' title='bbox 1261 1505 1305 1548; x_wconf 88' lang='lat' dir='ltr'><strong>et</strong></span> <span class='ocrx_word' id='word_1_85' title='bbox 1333 1500 1541 1560; x_wconf 85' lang='lat' dir='ltr'><strong>floreant,</strong></span> <span class='ocrx_word' id='word_1_86' title='bbox 1578 1500 1681 1548; x_wconf 89' lang='lat' dir='ltr'><strong>aliis</strong></span> 
     </span>
     <span class='ocr_line' id='line_1_16' title="bbox 197 1581 1679 1646; baseline -0.001 -18"><span class='ocrx_word' id='word_1_87' title='bbox 197 1582 426 1630; x_wconf 87' lang='lat' dir='ltr'><strong>declinent</strong></span> <span class='ocrx_word' id='word_1_88' title='bbox 444 1587 489 1629; x_wconf 90' lang='lat' dir='ltr'><strong>et</strong></span> <span class='ocrx_word' id='word_1_89' title='bbox 508 1582 708 1646; x_wconf 86' lang='lat' dir='ltr'><strong>jaceant,</strong></span> <span class='ocrx_word' id='word_1_90' title='bbox 745 1582 810 1628; x_wconf 83' lang='lat' dir='ltr'><strong>ita</strong></span> <span class='ocrx_word' id='word_1_91' title='bbox 831 1589 997 1642; x_wconf 88' lang='lat' dir='ltr'><strong>tamen,</strong></span> <span class='ocrx_word' id='word_1_92' title='bbox 1031 1588 1094 1643; x_wconf 91' lang='lat' dir='ltr'><strong>ut,</strong></span> <span class='ocrx_word' id='word_1_93' title='bbox 1129 1598 1226 1629; x_wconf 90' lang='lat' dir='ltr'><strong>cum</strong></span> <span class='ocrx_word' id='word_1_94' title='bbox 1262 1581 1316 1627; x_wconf 87' lang='lat' dir='ltr'><strong>ad</strong></span> <span class='ocrx_word' id='word_1_95' title='bbox 1343 1585 1512 1628; x_wconf 86' lang='lat' dir='ltr'><strong>certum</strong></span> <span class='ocrx_word' id='word_1_96' title='bbox 1534 1597 1679 1643; x_wconf 89' lang='lat' dir='ltr'><strong>quen-</strong></span> 
     </span>
     <span class='ocr_line' id='line_1_17' title="bbox 195 1659 1679 1726; baseline 0 -18"><span class='ocrx_word' id='word_1_97' title='bbox 195 1662 294 1708; x_wconf 88' lang='lat' dir='ltr'><strong>dam</strong></span> <span class='ocrx_word' id='word_1_98' title='bbox 330 1661 517 1725; x_wconf 86' lang='lat' dir='ltr'><strong>gradum</strong></span> <span class='ocrx_word' id='word_1_99' title='bbox 549 1666 594 1709; x_wconf 90' lang='lat' dir='ltr'><strong>et</strong></span> <span class='ocrx_word' id='word_1_100' title='bbox 623 1666 786 1709; x_wconf 88' lang='lat' dir='ltr'><strong>statum</strong></span> <span class='ocrx_word' id='word_1_101' title='bbox 816 1662 1129 1726; x_wconf 74' lang='lat' dir='ltr'><strong>pervenerint,</strong></span> <span class='ocrx_word' id='word_1_102' title='bbox 1167 1661 1231 1708; x_wconf 92' lang='lat' dir='ltr'><strong>nil</strong></span> <span class='ocrx_word' id='word_1_103' title='bbox 1264 1660 1453 1710; x_wconf 87' lang='lat' dir='ltr'><strong>ulterius</strong></span> <span class='ocrx_word' id='word_1_104' title='bbox 1486 1659 1679 1724; x_wconf 88' lang='lat' dir='ltr'><strong>possint.</strong></span> 
     </span>
     <span class='ocr_line' id='line_1_18' title="bbox 194 1739 1676 1807; baseline -0.001 -19"><span class='ocrx_word' id='word_1_105' title='bbox 194 1741 354 1805; x_wconf 84' lang='lat' dir='ltr'><strong>Itaque</strong></span> <span class='ocrx_word' id='word_1_106' title='bbox 387 1741 427 1788; x_wconf 86' lang='lat' dir='ltr'><strong>si</strong></span> <span class='ocrx_word' id='word_1_107' title='bbox 459 1741 557 1804; x_wconf 87' lang='lat' dir='ltr'><strong>quis</strong></span> <span class='ocrx_word' id='word_1_108' title='bbox 584 1741 757 1806; x_wconf 86' lang='lat' dir='ltr'><strong>majora</strong></span> <span class='ocrx_word' id='word_1_109' title='bbox 785 1741 939 1789; x_wconf 85' lang='lat' dir='ltr'><strong>credat</strong></span> <span class='ocrx_word' id='word_1_110' title='bbox 959 1748 1035 1789; x_wconf 87' lang='lat' dir='ltr'><strong>aut</strong></span> <span class='ocrx_word' id='word_1_111' title='bbox 1055 1741 1289 1807; x_wconf 84' lang='lat' dir='ltr'><strong>spondeat,</strong></span> <span class='ocrx_word' id='word_1_112' title='bbox 1321 1739 1366 1786; x_wconf 90' lang='lat' dir='ltr'><strong>id</strong></span> <span class='ocrx_word' id='word_1_113' title='bbox 1397 1745 1556 1804; x_wconf 85' lang='lat' dir='ltr'><strong>putant</strong></span> <span class='ocrx_word' id='word_1_114' title='bbox 1578 1756 1676 1787; x_wconf 86' lang='lat' dir='ltr'><strong>esse</strong></span> 
     </span>
     <span class='ocr_line' id='line_1_19' title="bbox 195 1819 1676 1885; baseline -0.003 -17"><span class='ocrx_word' id='word_1_115' title='bbox 195 1820 427 1885; x_wconf 85' lang='lat' dir='ltr'><strong>cujusdam</strong></span> <span class='ocrx_word' id='word_1_116' title='bbox 448 1821 706 1885; x_wconf 89' lang='lat' dir='ltr'><strong>impotentis</strong></span> <span class='ocrx_word' id='word_1_117' title='bbox 739 1826 783 1869; x_wconf 92' lang='lat' dir='ltr'><strong>et</strong></span> <span class='ocrx_word' id='word_1_118' title='bbox 804 1822 1030 1869; x_wconf 83' lang='lat' dir='ltr'><strong>immaturi</strong></span> <span class='ocrx_word' id='word_1_119' title='bbox 1060 1822 1223 1881; x_wconf 86' lang='lat' dir='ltr'><strong>animi,</strong></span> <span class='ocrx_word' id='word_1_120' title='bbox 1260 1826 1392 1883; x_wconf 88' lang='lat' dir='ltr'><strong>atque</strong></span> <span class='ocrx_word' id='word_1_121' title='bbox 1420 1819 1676 1882; x_wconf 80' lang='lat' dir='ltr'><strong>hujusmodi</strong></span> 
     </span>
     <span class='ocr_line' id='line_1_20' title="bbox 195 1898 1675 1963; baseline -0.003 -15"><span class='ocrx_word' id='word_1_122' title='bbox 195 1905 382 1948; x_wconf 88' lang='lat' dir='ltr'><strong>conatus</strong></span> <span class='ocrx_word' id='word_1_123' title='bbox 404 1899 534 1947; x_wconf 86' lang='lat' dir='ltr'><strong>initia</strong></span> <span class='ocrx_word' id='word_1_124' title='bbox 553 1901 731 1949; x_wconf 87' lang='lat' dir='ltr'><strong>scilicet</strong></span> <span class='ocrx_word' id='word_1_125' title='bbox 747 1902 885 1963; x_wconf 84' lang='lat' dir='ltr'><strong>laeta,</strong></span> <span class='ocrx_word' id='word_1_126' title='bbox 913 1903 1060 1950; x_wconf 78' lang='lat' dir='ltr'><strong>inedia</strong></span> <span class='ocrx_word' id='word_1_127' title='bbox 1082 1901 1239 1961; x_wconf 87' lang='lat' dir='ltr'><strong>ardua,</strong></span> <span class='ocrx_word' id='word_1_128' title='bbox 1264 1904 1466 1947; x_wconf 74' lang='lat' dir='ltr'><strong>extrema</strong></span> <span class='ocrx_word' id='word_1_129' title='bbox 1488 1898 1675 1945; x_wconf 83' lang='lat' dir='ltr'><strong>confusa</strong></span> 
     </span>
     <span class='ocr_line' id='line_1_21' title="bbox 192 1977 1673 2046; baseline -0.001 -19"><span class='ocrx_word' id='word_1_130' title='bbox 192 1980 376 2028; x_wconf 88' lang='lat' dir='ltr'><strong>habere.</strong></span> <span class='ocrx_word' id='word_1_131' title='bbox 430 1981 583 2044; x_wconf 88' lang='lat' dir='ltr'><strong>Atque</strong></span> <span class='ocrx_word' id='word_1_132' title='bbox 603 1996 702 2027; x_wconf 91' lang='lat' dir='ltr'><strong>cum</strong></span> <span class='ocrx_word' id='word_1_133' title='bbox 723 1981 977 2046; x_wconf 86' lang='lat' dir='ltr'><strong>hujusmodi</strong></span> <span class='ocrx_word' id='word_1_134' title='bbox 996 1980 1294 2045; x_wconf 81' lang='lat' dir='ltr'><strong>cogitationes</strong></span> <span class='ocrx_word' id='word_1_135' title='bbox 1320 1994 1400 2025; x_wconf 87' lang='lat' dir='ltr'><strong>eae</strong></span> <span class='ocrx_word' id='word_1_136' title='bbox 1423 1977 1531 2038; x_wconf 88' lang='lat' dir='ltr'><strong>sint,</strong></span> <span class='ocrx_word' id='word_1_137' title='bbox 1559 1994 1673 2041; x_wconf 89' lang='lat' dir='ltr'><strong>quae</strong></span> 
     </span>
     <span class='ocr_line' id='line_1_22' title="bbox 190 2057 1672 2126; baseline -0.002 -19"><span class='ocrx_word' id='word_1_138' title='bbox 190 2061 239 2107; x_wconf 90' lang='lat' dir='ltr'><strong>in</strong></span> <span class='ocrx_word' id='word_1_139' title='bbox 260 2060 381 2108; x_wconf 88' lang='lat' dir='ltr'><strong>viros</strong></span> <span class='ocrx_word' id='word_1_140' title='bbox 399 2076 560 2123; x_wconf 87' lang='lat' dir='ltr'><strong>graves</strong></span> <span class='ocrx_word' id='word_1_141' title='bbox 581 2066 626 2108; x_wconf 92' lang='lat' dir='ltr'><strong>et</strong></span> <span class='ocrx_word' id='word_1_142' title='bbox 641 2060 814 2124; x_wconf 83' lang='lat' dir='ltr'><strong>judicio</strong></span> <span class='ocrx_word' id='word_1_143' title='bbox 838 2067 1119 2126; x_wconf 86' lang='lat' dir='ltr'><strong>praestantes</strong></span> <span class='ocrx_word' id='word_1_144' title='bbox 1143 2059 1278 2107; x_wconf 90' lang='lat' dir='ltr'><strong>facile</strong></span> <span class='ocrx_word' id='word_1_145' title='bbox 1302 2057 1482 2117; x_wconf 84' lang='lat' dir='ltr'><strong>cadant,</strong></span> <span class='ocrx_word' id='word_1_146' title='bbox 1504 2072 1672 2104; x_wconf 86' lang='lat' dir='ltr'><strong>curau-</strong></span> 
     </span>
     <span class='ocr_line' id='line_1_23' title="bbox 190 2137 1672 2206; baseline -0.004 -18"><span class='ocrx_word' id='word_1_147' title='bbox 190 2141 291 2188; x_wconf 91' lang='lat' dir='ltr'><strong>dum</strong></span> <span class='ocrx_word' id='word_1_148' title='bbox 319 2156 369 2187; x_wconf 86' lang='lat' dir='ltr'><strong>re</strong></span> <span class='ocrx_word' id='word_1_149' title='bbox 396 2155 503 2187; x_wconf 84' lang='lat' dir='ltr'><strong>vera</strong></span> <span class='ocrx_word' id='word_1_150' title='bbox 530 2144 626 2201; x_wconf 88' lang='lat' dir='ltr'><strong>est,</strong></span> <span class='ocrx_word' id='word_1_151' title='bbox 662 2156 744 2201; x_wconf 93' lang='lat' dir='ltr'><strong>ne,</strong></span> <span class='ocrx_word' id='word_1_152' title='bbox 777 2142 844 2188; x_wconf 90' lang='lat' dir='ltr'><strong>rei</strong></span> <span class='ocrx_word' id='word_1_153' title='bbox 870 2141 1065 2206; x_wconf 86' lang='lat' dir='ltr'><strong>optimae</strong></span> <span class='ocrx_word' id='word_1_154' title='bbox 1097 2146 1141 2189; x_wconf 92' lang='lat' dir='ltr'><strong>et</strong></span> <span class='ocrx_word' id='word_1_155' title='bbox 1164 2137 1493 2204; x_wconf 86' lang='lat' dir='ltr'><strong>pulcherrimae</strong></span> <span class='ocrx_word' id='word_1_156' title='bbox 1520 2152 1672 2183; x_wconf 88' lang='lat' dir='ltr'><strong>amore</strong></span> 
     </span>
     <span class='ocr_line' id='line_1_24' title="bbox 191 2218 1671 2284; baseline -0.004 -15"><span class='ocrx_word' id='word_1_157' title='bbox 191 2221 330 2284; x_wconf 86' lang='lat' dir='ltr'><strong>capti,</strong></span> <span class='ocrx_word' id='word_1_158' title='bbox 367 2219 650 2267; x_wconf 88' lang='lat' dir='ltr'><strong>severitatem</strong></span> <span class='ocrx_word' id='word_1_159' title='bbox 673 2220 833 2282; x_wconf 87' lang='lat' dir='ltr'><strong>judicii</strong></span> <span class='ocrx_word' id='word_1_160' title='bbox 855 2222 1110 2269; x_wconf 81' lang='lat' dir='ltr'><strong>relaxemus</strong></span> <span class='ocrx_word' id='word_1_161' title='bbox 1134 2224 1210 2267; x_wconf 90' lang='lat' dir='ltr'><strong>aut</strong></span> <span class='ocrx_word' id='word_1_162' title='bbox 1236 2218 1503 2276; x_wconf 88' lang='lat' dir='ltr'><strong>minuamus,</strong></span> <span class='ocrx_word' id='word_1_163' title='bbox 1527 2221 1572 2262; x_wconf 89' lang='lat' dir='ltr'><strong>et</strong></span> <span class='ocrx_word' id='word_1_164' title='bbox 1592 2232 1671 2264; x_wconf 87' lang='lat' dir='ltr'><strong>Se-</strong></span> 
     </span>
     <span class='ocr_line' id='line_1_25' title="bbox 192 2298 1669 2364; baseline -0.004 -17"><span class='ocrx_word' id='word_1_165' title='bbox 192 2300 297 2347; x_wconf 90' lang='lat' dir='ltr'><strong>dulo</strong></span> <span class='ocrx_word' id='word_1_166' title='bbox 321 2298 573 2359; x_wconf 86' lang='lat' dir='ltr'><strong>videndum,</strong></span> <span class='ocrx_word' id='word_1_167' title='bbox 611 2299 716 2363; x_wconf 88' lang='lat' dir='ltr'><strong>qnid</strong></span> <span class='ocrx_word' id='word_1_168' title='bbox 747 2300 844 2364; x_wconf 88' lang='lat' dir='ltr'><strong>spei</strong></span> <span class='ocrx_word' id='word_1_169' title='bbox 869 2301 1084 2363; x_wconf 84' lang='lat' dir='ltr'><strong>affulgeat</strong></span> <span class='ocrx_word' id='word_1_170' title='bbox 1103 2305 1147 2347; x_wconf 91' lang='lat' dir='ltr'><strong>et</strong></span> <span class='ocrx_word' id='word_1_171' title='bbox 1171 2315 1228 2345; x_wconf 82' lang='lat' dir='ltr'><strong>ex</strong></span> <span class='ocrx_word' id='word_1_172' title='bbox 1251 2313 1337 2360; x_wconf 87' lang='lat' dir='ltr'><strong>qua</strong></span> <span class='ocrx_word' id='word_1_173' title='bbox 1368 2301 1495 2359; x_wconf 86' lang='lat' dir='ltr'><strong>parte</strong></span> <span class='ocrx_word' id='word_1_174' title='bbox 1519 2311 1566 2342; x_wconf 90' lang='lat' dir='ltr'><strong>se</strong></span> <span class='ocrx_word' id='word_1_175' title='bbox 1590 2312 1669 2342; x_wconf 85' lang='lat' dir='ltr'><strong>os-</strong></span> 
     </span>
     <span class='ocr_line' id='line_1_26' title="bbox 192 2375 1668 2443; baseline -0.004 -16"><span class='ocrx_word' id='word_1_176' title='bbox 192 2378 363 2439; x_wconf 89' lang='lat' dir='ltr'><strong>tendat,</strong></span> <span class='ocrx_word' id='word_1_177' title='bbox 390 2384 524 2442; x_wconf 88' lang='lat' dir='ltr'><strong>atque</strong></span> <span class='ocrx_word' id='word_1_178' title='bbox 546 2379 666 2426; x_wconf 87' lang='lat' dir='ltr'><strong>auris</strong></span> <span class='ocrx_word' id='word_1_179' title='bbox 690 2379 935 2426; x_wconf 87' lang='lat' dir='ltr'><strong>levioribus</strong></span> <span class='ocrx_word' id='word_1_180' title='bbox 961 2380 1055 2443; x_wconf 90' lang='lat' dir='ltr'><strong>spei</strong></span> <span class='ocrx_word' id='word_1_181' title='bbox 1080 2379 1279 2442; x_wconf 87' lang='lat' dir='ltr'><strong>rejectis,</strong></span> <span class='ocrx_word' id='word_1_182' title='bbox 1307 2391 1403 2435; x_wconf 88' lang='lat' dir='ltr'><strong>eae,</strong></span> <span class='ocrx_word' id='word_1_183' title='bbox 1429 2391 1542 2438; x_wconf 86' lang='lat' dir='ltr'><strong>quae</strong></span> <span class='ocrx_word' id='word_1_184' title='bbox 1567 2375 1668 2439; x_wconf 86' lang='lat' dir='ltr'><strong>plus</strong></span> 
     </span>
     <span class='ocr_line' id='line_1_27' title="bbox 187 2453 1667 2519; baseline -0.002 -14"><span class='ocrx_word' id='word_1_185' title='bbox 187 2458 474 2506; x_wconf 85' lang='lat' dir='ltr'><strong>firmitudinis</strong></span> <span class='ocrx_word' id='word_1_186' title='bbox 495 2457 659 2506; x_wconf 86' lang='lat' dir='ltr'><strong>habere</strong></span> <span class='ocrx_word' id='word_1_187' title='bbox 690 2458 910 2519; x_wconf 91' lang='lat' dir='ltr'><strong>videntur,</strong></span> <span class='ocrx_word' id='word_1_188' title='bbox 949 2459 1129 2505; x_wconf 89' lang='lat' dir='ltr'><strong>omnino</strong></span> <span class='ocrx_word' id='word_1_189' title='bbox 1160 2453 1468 2503; x_wconf 86' lang='lat' dir='ltr'><strong>discutiendae</strong></span> <span class='ocrx_word' id='word_1_190' title='bbox 1489 2460 1592 2501; x_wconf 88' lang='lat' dir='ltr'><strong>sunt</strong></span> <span class='ocrx_word' id='word_1_191' title='bbox 1621 2461 1667 2502; x_wconf 88' lang='lat' dir='ltr'><strong>et</strong></span> 
     </span>
     <span class='ocr_line' id='line_1_28' title="bbox 187 2533 1667 2602; baseline -0.003 -17"><span class='ocrx_word' id='word_1_192' title='bbox 187 2537 497 2602; x_wconf 86' lang='lat' dir='ltr'><strong>pensitandae.</strong></span> <span class='ocrx_word' id='word_1_193' title='bbox 569 2537 825 2598; x_wconf 72' lang='lat' dir='ltr'><strong>Quinetiam</strong></span> <span class='ocrx_word' id='word_1_194' title='bbox 865 2538 1184 2602; x_wconf 86' lang='lat' dir='ltr'><strong>prudentia</strong></span> <span class='ocrx_word' id='word_1_195' title='bbox 1226 2534 1430 2583; x_wconf 86' lang='lat' dir='ltr'><strong>civilis</strong></span> <span class='ocrx_word' id='word_1_196' title='bbox 1469 2533 1523 2580; x_wconf 87' lang='lat' dir='ltr'><strong>ad</strong></span> <span class='ocrx_word' id='word_1_197' title='bbox 1553 2550 1667 2581; x_wconf 88' lang='lat' dir='ltr'><strong>eon-</strong></span> 
     </span>
     <span class='ocr_line' id='line_1_29' title="bbox 187 2614 1664 2680; baseline -0.004 -15"><span class='ocrx_word' id='word_1_198' title='bbox 187 2618 338 2665; x_wconf 88' lang='lat' dir='ltr'><strong>silium</strong></span> <span class='ocrx_word' id='word_1_199' title='bbox 372 2617 573 2665; x_wconf 82' lang='lat' dir='ltr'><strong>vocanda</strong></span> <span class='ocrx_word' id='word_1_200' title='bbox 608 2624 675 2665; x_wconf 87' lang='lat' dir='ltr'><strong>est</strong></span> <span class='ocrx_word' id='word_1_201' title='bbox 720 2624 765 2666; x_wconf 90' lang='lat' dir='ltr'><strong>et</strong></span> <span class='ocrx_word' id='word_1_202' title='bbox 799 2617 1080 2678; x_wconf 85' lang='lat' dir='ltr'><strong>adhibenda,</strong></span> <span class='ocrx_word' id='word_1_203' title='bbox 1135 2632 1248 2680; x_wconf 83' lang='lat' dir='ltr'><strong>quae</strong></span> <span class='ocrx_word' id='word_1_204' title='bbox 1293 2631 1351 2662; x_wconf 83' lang='lat' dir='ltr'><strong>ex</strong></span> <span class='ocrx_word' id='word_1_205' title='bbox 1385 2614 1664 2678; x_wconf 85' lang='lat' dir='ltr'><strong>praescripto</strong></span> 
     </span>
     <span class='ocr_line' id='line_1_30' title="bbox 187 2693 1401 2757; baseline -0.003 -12"><span class='ocrx_word' id='word_1_206' title='bbox 187 2697 350 2746; x_wconf 87' lang='lat' dir='ltr'><strong>diffidit</strong></span> <span class='ocrx_word' id='word_1_207' title='bbox 375 2703 420 2746; x_wconf 90' lang='lat' dir='ltr'><strong>et</strong></span> <span class='ocrx_word' id='word_1_208' title='bbox 442 2697 497 2745; x_wconf 90' lang='lat' dir='ltr'><strong>de</strong></span> <span class='ocrx_word' id='word_1_209' title='bbox 519 2697 653 2745; x_wconf 89' lang='lat' dir='ltr'><strong>rebus</strong></span> <span class='ocrx_word' id='word_1_210' title='bbox 674 2697 879 2746; x_wconf 88' lang='lat' dir='ltr'><strong>humanis</strong></span> <span class='ocrx_word' id='word_1_211' title='bbox 908 2699 955 2744; x_wconf 93' lang='lat' dir='ltr'><strong>in</strong></span> <span class='ocrx_word' id='word_1_212' title='bbox 975 2695 1171 2745; x_wconf 86' lang='lat' dir='ltr'><strong>deterius</strong></span> <span class='ocrx_word' id='word_1_213' title='bbox 1197 2693 1401 2757; x_wconf 87' lang='lat' dir='ltr'><strong>conjicit.</strong></span> 
     </span>
    </p>
   </div>
   <div class='ocr_carea' id='block_1_5' title="bbox 286 2784 1664 2852">
    <p class='ocr_par' dir='ltr' id='par_1_6' title="bbox 286 2784 1664 2852">
     <span class='ocr_line' id='line_1_31' title="bbox 286 2784 1664 2852; baseline -0.004 -18"><span class='ocrx_word' id='word_1_214' title='bbox 286 2786 492 2852; x_wconf 88' lang='lat' dir='ltr'><strong>Itaque</strong></span> <span class='ocrx_word' id='word_1_215' title='bbox 524 2789 635 2852; x_wconf 84' lang='lat' dir='ltr'><strong>jam</strong></span> <span class='ocrx_word' id='word_1_216' title='bbox 673 2794 730 2837; x_wconf 92' lang='lat' dir='ltr'><strong>et</strong></span> <span class='ocrx_word' id='word_1_217' title='bbox 762 2787 857 2835; x_wconf 87' lang='lat' dir='ltr'><strong>DE</strong></span> <span class='ocrx_word' id='word_1_218' title='bbox 895 2786 1032 2836; x_wconf 87' lang='lat' dir='ltr'><strong>SPE</strong></span> <span class='ocrx_word' id='word_1_219' title='bbox 1070 2784 1370 2834; x_wconf 88' lang='lat' dir='ltr'><strong>dicendum</strong></span> <span class='ocrx_word' id='word_1_220' title='bbox 1404 2790 1510 2841; x_wconf 87' lang='lat' dir='ltr'><strong>est,</strong></span> <span class='ocrx_word' id='word_1_221' title='bbox 1536 2798 1664 2845; x_wconf 85' lang='lat' dir='ltr'><strong>prac—</strong></span> 
     </span>
    </p>
   </div>
   <div class='ocr_carea' id='block_1_6' title="bbox 188 2862 1665 3013">
    <p class='ocr_par' dir='ltr' id='par_1_7' title="bbox 188 2862 1665 3013">
     <span class='ocr_line' id='line_1_32' title="bbox 188 2862 1665 2933; baseline -0.003 -21"><span class='ocrx_word' id='word_1_222' title='bbox 188 2866 338 2914; x_wconf 89' lang='lat' dir='ltr'><strong>sertim</strong></span> <span class='ocrx_word' id='word_1_223' title='bbox 363 2884 464 2916; x_wconf 93' lang='lat' dir='ltr'><strong>cum</strong></span> <span class='ocrx_word' id='word_1_224' title='bbox 497 2885 580 2916; x_wconf 88' lang='lat' dir='ltr'><strong>nos</strong></span> <span class='ocrx_word' id='word_1_225' title='bbox 608 2868 904 2933; x_wconf 88' lang='lat' dir='ltr'><strong>promissores</strong></span> <span class='ocrx_word' id='word_1_226' title='bbox 934 2883 1024 2914; x_wconf 91' lang='lat' dir='ltr'><strong>non</strong></span> <span class='ocrx_word' id='word_1_227' title='bbox 1054 2868 1210 2924; x_wconf 88' lang='lat' dir='ltr'><strong>simus,</strong></span> <span class='ocrx_word' id='word_1_228' title='bbox 1241 2880 1324 2910; x_wconf 90' lang='lat' dir='ltr'><strong>nec</strong></span> <span class='ocrx_word' id='word_1_229' title='bbox 1346 2863 1430 2909; x_wconf 89' lang='lat' dir='ltr'><strong>vim</strong></span> <span class='ocrx_word' id='word_1_230' title='bbox 1452 2868 1528 2908; x_wconf 86' lang='lat' dir='ltr'><strong>aut</strong></span> <span class='ocrx_word' id='word_1_231' title='bbox 1549 2862 1665 2908; x_wconf 84' lang='lat' dir='ltr'><strong>insi-</strong></span> 
     </span>
     <span class='ocr_line' id='line_1_33' title="bbox 188 2940 1665 3013; baseline -0.001 -22"><span class='ocrx_word' id='word_1_232' title='bbox 188 2944 286 2992; x_wconf 83' lang='lat' dir='ltr'><strong>dias</strong></span> <span class='ocrx_word' id='word_1_233' title='bbox 307 2945 533 2996; x_wconf 88' lang='lat' dir='ltr'><strong>hominum</strong></span> <span class='ocrx_word' id='word_1_234' title='bbox 551 2947 735 3013; x_wconf 83' lang='lat' dir='ltr'><strong>judiciis</strong></span> <span class='ocrx_word' id='word_1_235' title='bbox 756 2949 971 2997; x_wconf 79' lang='lat' dir='ltr'><strong>faciamus</strong></span> <span class='ocrx_word' id='word_1_236' title='bbox 996 2952 1072 2994; x_wconf 90' lang='lat' dir='ltr'><strong>ant</strong></span> <span class='ocrx_word' id='word_1_237' title='bbox 1087 2952 1329 3003; x_wconf 83' lang='lat' dir='ltr'><strong>struamus,</strong></span> <span class='ocrx_word' id='word_1_238' title='bbox 1360 2940 1437 2989; x_wconf 88' lang='lat' dir='ltr'><strong>sed</strong></span> <span class='ocrx_word' id='word_1_239' title='bbox 1465 2941 1665 2991; x_wconf 84' lang='lat' dir='ltr'><strong>homines</strong></span> 
     </span>
    </p>
   </div>
  </div>
 </body>
</html>
