1947 3456
270 311 366 359 126
779 301 1205 346 VERULAMII

267 440 388 481 certe
432 434 528 486 cst,
573 424 687 489 quod
727 423 780 470 de
818 421 1054 469 occasione
1092 422 1185 469 sive
1211 423 1450 486 fortuna
1482 421 1570 469 dici
1600 423 1733 483 solet,

267 515 304 560 si
344 508 640 558 transferatur
680 502 734 548 ad
779 507 1009 560 naturam,
1049 500 1281 547 videlicet:
1317 518 1430 549 eam
1472 519 1506 549 a
1537 502 1733 564 fronte

268 596 552 643 comatam,
598 584 660 631 ab
697 581 935 646 occipitio
972 580 1171 628 calz-am
1206 596 1329 628 esse.

362 665 569 727 Denique
590 661 652 708 de
690 665 978 708 contemtu
1014 658 1059 703 in
1082 658 1276 704 naturali
1298 657 1514 717 historia,
1550 673 1735 705 rerum

268 754 344 797 aut
375 741 708 805 vulgarium,
741 743 817 785 aut
847 737 1067 796 vilium,
1102 742 1178 782 aut
1210 736 1379 782 nimis
1411 735 1734 796 subtilium,

269 834 313 877 et
341 826 386 872 in
421 821 650 884 orginibus
687 818 779 864 suis
809 816 1131 875 inutilium,
1163 814 1244 860 illa
1270 831 1373 862 voa·
1401 814 1735 863 mulierculae

268 906 322 954 ad
360 901 572 951 tumidum
608 897 872 962 principem,
910 894 985 958 qui
1015 894 1271 958 petitionem
1302 894 1417 957 ejuS,
1454 900 1504 940 ut
1535 909 1627 940 rem
1662 894 1738 939 in-

267 986 443 1048 dignam
467 986 509 1027 et
535 979 766 1041 majestate
789 991 869 1022 sua
890 973 1147 1021 inferiorem
1170 973 1425 1036 abjecisset,
1448 989 1529 1036 pro
1553 972 1736 1019 oraculo

268 1065 351 1113 sit:
413 1059 603 1109 Desine
649 1072 774 1115 ergo
819 1070 919 1101 rea·
964 1055 1103 1101 esse!
1152 1053 1275 1115 ’quia
1312 1052 1610 1099 certissimum
1651 1056 1737 1111 est,

268 1140 569 1205 imperium
601 1135 657 1180 in
695 1138 988 1190 naturam,
1025 1130 1062 1176 si
1100 1132 1198 1193 quis
1240 1130 1569 1194 hujusmodi
1604 1132 1737 1178 rebus

270 1228 318 1268 ut
342 1217 472 1266 nimis
494 1214 689 1262 exilibus
711 1216 755 1258 et
777 1211 957 1258 minutis
986 1225 1141 1256 vacare
1172 1210 1304 1271 nolit,
1337 1226 1438 1258 uec
1475 1210 1738 1258 obtineri

268 1316 373 1347 nec
409 1294 532 1360 geri
567 1307 760 1357 posse.

902 1422 1112 1469 CXXII.

367 1514 653 1567 Occurrit
689 1513 856 1560 etiam
900 1517 955 1559 et
998 1510 1181 1558 illud:
1229 1511 1462 1560 mirabile
1497 1513 1739 1577 quiddam

271 1617 379 1651 esse
404 1606 457 1646 et
478 1598 690 1653 durum,
729 1593 866 1658 quod
897 1609 1015 1652 uos,
1053 1608 1259 1640 omues
1295 1592 1615 1640 scientias
1645 1600 1738 1640 at-

271 1697 385 1747 que
420 1691 634 1726 omues
670 1680 967 1729 autores,
1013 1670 1169 1718 simul
1199 1689 1262 1718 ae
1295 1670 1464 1718 veluti
1490 1688 1593 1719 uno
1625 1672 1738 1719 ictu

271 1767 325 1808 et
373 1759 568 1821 impetu
614 1767 1132 1809 summoveamus,
1183 1750 1335 1814 idque
1365 1767 1470 1798 uon
1504 1758 1737 1799 assumto

270 1838 441 1902 aliquo
469 1849 535 1882 ea·
567 1830 795 1895 antiquis
819 1831 873 1877 in
909 1829 1162 1877 auxilium
1190 1836 1245 1876 et
1272 1829 1594 1895 praesidium
1622 1846 1738 1878 uos-

270 1925 428 1974 trum,
451 1913 543 1962 sed
577 1910 730 1976 quasi
752 1909 942 1957 mribus
969 1909 1215 1975 propriis.

370 2003 487 2050 Nos
524 2007 703 2047 autem
746 2000 983 2057 scimus,
1028 1999 1073 2044 si
1125 1998 1308 2044 minus
1343 1998 1571 2046 sincera
1617 1997 1737 2045 fide

270 2098 403 2146 agere
450 2079 766 2138 voluissemus,
828 2094 934 2124 non
984 2076 1252 2124 difficile
1313 2078 1500 2124 fuisse
1554 2076 1737 2136 nobis,

269 2163 414 2221 ista,
447 2175 586 2223 quae
620 2157 983 2216 afferuntur,
1025 2156 1090 2202 vel
1124 2155 1178 2202 ad
1214 2156 1395 2219 antiqua
1424 2155 1604 2202 saecula
1635 2160 1737 2202 ante

271 2239 547 2288 Graecorum
573 2244 791 2301 tempora,
829 2252 926 2283 cum
961 2234 1175 2281 scientiae
1209 2234 1262 2281 de
1294 2240 1451 2280 natura
1476 2233 1617 2296 magis
1642 2233 1739 2280 for-

268 2326 414 2379 tasse,
451 2317 529 2365 sed
561 2323 707 2364 tamen
744 2316 914 2378 majore
955 2331 1052 2361 cum
1090 2312 1269 2360 silentio
1308 2312 1557 2373 floruerint,
1595 2328 1737 2375 neque

269 2399 313 2444 in
356 2397 632 2445 Graecorum
679 2396 809 2441 tubas
861 2401 904 2441 et
952 2393 1125 2439 fistulas
1166 2391 1310 2438 adhuc
1343 2391 1636 2451 incidissent,
1667 2391 1738 2437 vcl

270 2477 428 2535 ctiam,
478 2492 556 2538 per
601 2481 750 2538 partes
799 2479 946 2532 certe,
995 2471 1056 2517 ad
1103 2471 1331 2533 aliquos
1381 2487 1446 2517 ex
1494 2468 1737 2517 Graecis

270 2554 416 2617 ipsis
458 2553 716 2612 referre,
760 2558 928 2615 atque
966 2549 1495 2612 adstipulationem
1539 2553 1594 2595 et
1643 2548 1736 2593 lio-

270 2648 458 2679 norcm
495 2630 625 2676 inde
673 2637 895 2693 petere,
935 2645 1085 2675 more
1134 2644 1398 2674 novorum
1441 2612 1734 2684 hominum,

271 2710 343 2774 qui
394 2709 669 2756 nobilitatem
720 2708 806 2754 sibi
856 2725 911 2755 cx
955 2707 1135 2769 antiqua
1175 2706 1325 2769 aliqua
1379 2706 1613 2770 prosapia,
1655 2720 1735 2767 per

267 2787 629 2851 genealogiarum
679 2787 877 2846 favores,
929 2785 1163 2832 adstruunt
1214 2793 1258 2832 et
1309 2785 1541 2846 affingunt.
1620 2781 1734 2828 Nos

274 2884 431 2927 vero,
497 2882 679 2913 rerum
733 2864 1035 2912 evidentia
1091 2864 1267 2922 freti,
1321 2878 1536 2909 omnem
1591 2876 1735 2907 com-

271 2945 443 2992 menti
478 2951 530 2992 ct
558 2945 917 3009 imposturae
961 2941 1359 2990 conditionem
1408 2939 1733 3005 rejicimus,
