1998 3490
610 240 848 288 INDEX
895 240 1171 282 RERUM.
1534 234 1630 280 147

1504 354 1627 389 Pagina

145 415 351 463 Ingenia
378 412 742 451 etintellectus
767 402 1502 457 exaequatferescientiasin-

280 461 662 502 =veniendivia
690 465 862 496 nostra
939 479 1500 493 ..........
1556 456 1628 491 128

144 515 472 565 Ingeniorum
500 510 776 548 discrimen
805 506 1065 545 maximum
1095 502 1438 543 etredicale.
1493 530 1500 537 .
1579 506 1627 540 59

143 567 310 604 Initia
341 576 503 601 rerum
532 570 823 608 magnarum
877 578 1499 593 ...........
1554 554 1627 589 120

144 611 641 666 Inquirendiforma
670 607 800 658 apud
829 606 1074 657 antiquos
1128 629 1499 642 .......
1554 604 1626 639 130

140 664 415 715 Inquisitio
446 661 717 709 desperata
757 679 1501 695 .............
1574 654 1624 690 76

140 713 411 765 Inquisitio
446 710 699 760 legitima,
726 719 936 754 causarum,
972 719 1119 754 rerum,
1151 710 1283 741 mater.
1324 701 1498 739 efficient.
1574 705 1624 740 29

140 763 508 815 Inquisitionis
538 760 737 796 initium
810 779 1497 794 ............
1577 754 1624 789 18

267 811 613 857 continuatio,
654 807 900 851 variatio,
937 804 1232 843 contractio
1308 832 1316 840 .
1371 830 1378 838 .
1435 831 1441 839 .
1487 801 1546 838 28.
1575 804 1622 839 29

140 865 352 902 lusanae
380 860 595 898 rationis
624 857 882 907 exemplar
911 878 1495 894 ..........
1575 854 1622 888 13

140 915 370 951 Insanum
408 910 636 962 quiddam
707 935 715 944 .
762 952 766 956 .
769 927 1492 946 ............
1573 904 1623 937 44

138 962 483 1001 Insolentiam
513 960 586 996 rei
617 957 720 1008 quod
748 956 883 993 attinet
910 978 1493 992 ..........
1549 953 1623 988 127

140 1014 394 1051 Instantia
421 1011 468 1048 ad
495 1009 688 1046 axiomum
712 1003 992 1044 emendandum
1042 1031 1049 1034 -
1102 1015 1110 1023 ·
1163 1028 1491 1040 ......
1571 1002 1621 1038 48

137 1062 422 1100 Instantiae
450 1058 733 1097 conficiunt
756 1053 1245 1104 interpretationem
1276 1058 1493 1087 naturae
1574 1053 1622 1087 57

139 1112 430 1150 Instantiae
462 1110 539 1146 sire
566 1108 830 1157 experimenta
857 1116 957 1155 quae
985 1103 1035 1141 ad
1064 1102 1375 1139 illuminationem
1405 1112 1497 1149 prae

315 1161 448 1199 ceteris
478 1159 667 1197 excellunt
701 1176 1490 1196 .............
1571 1153 1623 1187 30

138 1212 421 1250 Instantiae
449 1218 628 1260 tanquam
653 1209 741 1257 igne
766 1205 960 1243 axiomata
984 1204 1149 1253 probant
1224 1227 1490 1240 .....
1573 1203 1620 1238 55

138 1262 506 1299 Instantiarum
533 1260 604 1296 vis
632 1267 669 1295 et
695 1256 846 1306 copia
874 1261 1066 1292 contemta
1094 1260 1132 1289 et
1158 1252 1299 1302 rejecta
1353 1279 1363 1289 .
1418 1277 1427 1288 .
1483 1276 1494 1286 .
1573 1250 1623 1288 54

137 1312 450 1349 Instauratio
479 1308 672 1347 abimis
697 1305 1044 1344 fundamentis
1070 1302 1312 1340 facienda
1353 1328 1364 1339 .
1420 1327 1428 1336 .
1483 1326 1494 1336 .
1571 1302 1621 1336 49

140 1363 483 1399 Instrumenta
515 1370 686 1396 manus
717 1363 765 1394 et
800 1355 978 1392 mentis
1031 1377 1490 1391 ........
1571 1351 1622 1386 43

137 1411 496 1449 Instrumentis
524 1407 812 1446 etauxiliis
839 1417 920 1442 res
946 1403 1226 1455 perficitur
1289 1430 1296 1439 .
1346 1428 1356 1438 .
1416 1427 1426 1438 .
1481 1426 1492 1436 .
1571 1401 1621 1436 43

139 1462 447 1500 Intellectus
485 1460 731 1497 humanus
793 1484 803 1493 .
857 1482 868 1492 .
916 1482 928 1493 .
982 1482 991 1492 .
1040 1481 1052 1491 .
1101 1480 1112 1491 .
1166 1480 1176 1490 .
1231 1480 1240 1489 .
1295 1479 1305 1489 .
1361 1478 1372 1488 .
1423 1451 1622 1487 ‚53—58

262 1512 445 1563 supponit
490 1509 673 1559 majorem
710 1506 881 1544 ordinem
918 1511 956 1543 et
995 1503 1266 1554 aequalitatem
1305 1502 1342 1538 in
1380 1500 1492 1536 rebus

311 1574 423 1612 quam
448 1560 589 1597 invenit
642 1577 1489 1596 ..............
1573 1552 1620 1588 53

264 1613 392 1650 omnia
427 1610 542 1648 trahit
578 1608 630 1646 ad
666 1606 977 1657 suffiagationem
1016 1610 1055 1641 et
1081 1614 1305 1640 consensum
1337 1613 1421 1638 cnm
1450 1599 1494 1636 iis

314 1674 413 1713 quae
440 1660 558 1698 semel
582 1659 762 1710 placuere
831 1679 1232 1694 .......
1245 1692 1248 1694 ,
1285 1682 1293 1691 .
1349 1679 1361 1690 .
1416 1678 1424 1687 .
1482 1678 1490 1687 .
1571 1650 1620 1689 54

263 1712 313 1749 ad
341 1711 536 1749 instantias
563 1709 692 1747 tardus
720 1707 874 1745 omnino
902 1711 940 1744 et
966 1704 1142 1741 inhabilis
1205 1730 1214 1740 .
1278 1730 1286 1739 .
1352 1729 1361 1738 .
1416 1727 1426 1738 .
1482 1727 1492 1738 .
1572 1704 1619 1739 55

259 1763 379 1812 gliscit
404 1777 1495 1800 ..................
1572 1770 1622 1776 -

262 1813 411 1850 luminis
439 1811 525 1848 sicci
545 1822 620 1847 non
644 1816 722 1858 est,
747 1807 814 1846 sed
845 1805 978 1857 recipit
1004 1803 1231 1841 infusionem
1260 1814 1282 1839 a
1303 1801 1496 1841 voluntate

314 1870 353 1901 et
380 1861 578 1900 affectibus
640 1888 650 1898 .
713 1877 1493 1898 .............
1574 1854 1622 1888 56

263 1913 469 1964 impeditur
495 1919 662 1960 stupore,
688 1906 985 1957 incompetentia
1007 1911 1043 1941 et
1070 1903 1226 1941 fallaciis
1253 1913 1429 1939 sensuum
1484 1928 1491 1937 .
1572 1904 1621 1939 57

262 1965 384 2002 fertur
407 1963 455 2000 ad
476 1962 687 2006 abstracta,
706 1967 862 2017 etquae
883 1958 1001 2003 fluxa,
1028 1954 1134 2003 fingit
1157 1965 1239 1991 esse
1256 1952 1491 1990 constantia.
1571 1971 1621 1976 -

141 2015 445 2057 intellectus
472 2012 874 2060 sibiperm1ssus
966 2017 977 2027 ·
1031 2028 1427 2043 .......
1481 2003 1623 2038 43.47

264 2068 302 2106 in
329 2063 493 2114 ingenio,
519 2062 646 2098 sobrio
673 2068 710 2098 et
739 2059 907 2110 patiente
937 2063 974 2094 et
1003 2054 1108 2104 gravi
1161 2078 1492 2091 ......
1571 2052 1623 2089 47

264 2115 383 2165 rejicit
409 2111 597 2159 difficilia,
621 2111 760 2158 sobria,
789 2109 922 2146 altiora
945 2113 1117 2152 naturae,
1142 2103 1267 2139 lumen
1294 2101 1499 2151 experien-

313 2166 389 2203 tiae
417 2170 456 2201 et
484 2161 707 2212 paradoxa3
735 2171 811 2209 qua
839 2158 886 2195 de
914 2167 1028 2194 causa
1105 2178 1495 2192 .......
1574 2153 1621 2189 56

264 2229 324 2254 res
345 2213 554 2270 inaequalis
581 2218 619 2249 et
647 2210 800 2248 omnino
821 2206 996 2244 inhabilis
1015 2203 1063 2242 ad
1087 2201 1342 2254 superandam
1370 2213 1494 2237 rerum

314 2265 582 2302 obscuritatem
653 2278 1493 2298 ..............
1572 2252 1623 2288 47

143 2313 443 2356 Intellectui
474 2312 682 2349 humano
713 2308 908 2346 auxilia
939 2302 1236 2356 praebenda
1290 2329 1301 2340 .
1356 2329 1365 2338 .
1420 2329 1428 2337 .
1485 2328 1495 2338 .
1572 2303 1623 2338 72

144 2366 465 2406 Intellectum
495 2358 985 2398 noncontemnimus
1015 2353 1102 2391 sed
1132 2353 1351 2402 regimus
1422 2378 1493 2387 ..
1572 2371 1624 2380 ν--

145 2419 280 2456 Inter
306 2415 413 2451 viva
440 2416 742 2462 quaerentes
770 2414 959 2445 mortua
1033 2428 1495 2441 ........
1574 2402 1624 2438 67

144 2464 465 2506 interventio
495 2458 935 2510 amicicujusdam
963 2466 1010 2493 ex
1039 2453 1165 2491 Gallia
1191 2452 1385 2490 redeuntis
1426 2478 1436 2489 .
1489 2478 1500 2488 .
1575 2452 1626 2488 34

144 2510 821 2566 Interpresnaturaeliomo
890 2535 901 2546 .
966 2534 975 2543 .
1037 2527 1498 2543 ........
1575 2501 1625 2538 43

143 2568 466 2616 interpretes
495 2568 709 2600 naturae
735 2557 959 2609 legitimi
1030 2577 1499 2592 ........
1554 2552 1624 2588 121

145 2612 504 2666 lnerpretandi
535 2624 611 2649 ars
663 2631 1115 2648 ........
1149 2605 1206 2641 18.
1232 2605 1295 2641 24.
1326 2605 1409 2641 119.
1439 2603 1524 2638 136.
1554 2603 1627 2638 137

145 2661 533 2717 Interpretandi
560 2662 694 2698 ratio
722 2665 898 2696 nostra
977 2677 1500 2695 .........
1556 2652 1627 2687 132

143 2713 524 2767 Interpretatio
563 2718 776 2749 naturae
825 2728 1446 2746 ...........
1497 2703 1553 2738 15.
1579 2701 1628 2737 48

146 2763 646 2818 Interpretationem
674 2767 890 2798 naturae
915 2755 1194 2806 legitimam
1225 2753 1261 2790 in
1291 2752 1412 2801 primo
1433 2749 1503 2786 ad-

321 2827 452 2853 scensu
474 2814 521 2850 ab
545 2812 646 2850 omni
674 2808 928 2861 applicatione
955 2805 1163 2855 sejunctam
1190 2805 1331 2840 servari
1352 2802 1495 2838 debere
1607 2802 1630 2836 9

147 2863 612 2917 Interpretationis
641 2858 912 2898 formulam
949 2863 996 2893 et
1036 2855 1235 2891 inventa
1264 2864 1348 2902 per
1375 2862 1486 2887 ean-

320 2916 424 2955 dem
443 2914 623 2964 intraleg.
634 2910 786 2962 ingenia
796 2909 937 2954 clausa,
948 2904 1138 2955 vegetiora
1149 2909 1186 2942 et
1199 2902 1399 2940 munitiora
1412 2899 1539 2936 futura
1587 2901 1633 2937 10

1303 2961 1385 3004 10*
