2064 3490
465 297 805 357 DELINEATIO
839 328 887 355 nr
918 314 1330 355 ARGUMENTL‘M.
1600 318 1659 364 33

173 431 380 497 agmina,
424 437 472 480 ut
508 448 561 480 ea
592 449 679 479 non
717 430 935 490 strictim,
977 428 1054 476 sed
1094 429 1329 477 confertim
1368 438 1568 480 evertere
1612 442 1657 481 et

172 528 450 560 summovere
465 528 650 559 necesse
669 510 752 569 sit3
776 515 820 556 et
842 509 878 555 si
904 508 1091 573 propius
1116 508 1351 571 accedere,
1373 514 1418 558 et
1437 527 1535 558 cum
1559 512 1657 559 sin-

117 626 121 629 *
173 591 293 654 gulis
321 607 498 638 manum
527 607 764 638 conserere
794 589 996 650 velimuS,
1034 588 1079 635 id
1109 576 1254 637 frusta
1280 589 1442 652 fuerit,
1479 591 1657 639 sublata

166 670 492 736 disputationis
514 671 632 734 lege,
658 686 756 717 cum
781 670 835 718 de
862 669 1100 735 principiis
1126 685 1215 716 000
1236 671 1585 732 consentiamus,
1610 677 1657 720 et

173 750 315 797 multo
347 751 489 814 magis
518 749 633 814 quod
667 750 790 814 ipsas
817 751 1130 815 probationum
1155 755 1200 797 et
1223 750 1654 799 demonstrationum

172 828 339 877 formas
361 836 406 878 et
429 836 675 895 potestates
711 830 989 894 rejiciamus.
1062 829 1193 890 Quod
1216 830 1256 877 si
1282 830 1344 892 [id
1371 829 1486 894 quod
1511 832 1654 878 solum

171 909 365 974 relinqui
398 909 590 970 videtur]
624 925 694 968 ca,
726 925 839 973 qnae
873 926 953 956 nos
985 910 1242 970 asserimus,
1278 926 1304 956 a
1324 926 1455 957 sensu
1490 910 1589 974 ipso
1612 917 1656 957 et

174 988 457 1053 experientia
481 988 672 1035 educere
695 993 740 1035 et
760 989 962 1035 excitare
981 988 1282 1048 comitamur,
1315 1004 1471 1035 rursus
1499 988 1654 1036 eodem

171 1068 462 1129 revolvimur,
486 1074 530 1115 et
566 1069 694 1116 obliti
722 1086 891 1129 corum,
926 1084 1038 1132 quae
1063 1067 1116 1115 de
1138 1068 1385 1115 animorum
1408 1084 1658 1132 praepara-

171 1148 296 1195 tione
333 1148 454 1195 dicta
488 1155 619 1209 sunt,
663 1150 935 1196 contrariam
981 1148 1174 1210 ingressi
1207 1148 1319 1194 viam
1348 1148 1656 1207 inveniamur3

173 1243 277 1274 nam
303 1227 350 1274 in
381 1244 454 1275 res
491 1228 614 1292 ipsas
651 1229 840 1293 abrupte
873 1234 917 1276 et
945 1227 1117 1274 directo
1146 1226 1425 1288 incidamus,
1456 1228 1511 1274 ad
1546 1245 1656 1292 quas

171 1306 287 1353 viam
324 1307 542 1371 quandam
577 1308 744 1371 aperiri
792 1313 838 1354 et
871 1307 1125 1367 substerni,
1176 1312 1364 1371 propter
1399 1306 1658 1354 obfirmatas

173 1386 421 1434 animorum
449 1388 883 1452 praeoccupationes
913 1391 958 1434 et
991 1386 1302 1445 obsessiones,
1337 1403 1523 1434 necesse
1559 1404 1658 1435 esse

175 1466 469 1514 decrevimus.
516 1466 610 1514 Sed
634 1474 780 1514 tamen
797 1473 1036 1530 propterea
1057 1467 1248 1530 11151005
1269 1467 1449 1513 minime
1474 1466 1659 1515 desere-

172 1562 295 1607 mus,
343 1545 422 1594 sed
457 1546 625 1610 aliquid
667 1546 947 1594 comminisci
989 1552 1034 1592 et
1065 1552 1241 1593 tentare
1275 1546 1389 1610 quod
1425 1549 1659 1611 proposito

173 1632 329 1674 nostro
354 1632 702 1673 consentaneum
726 1627 809 1685 sit,
848 1625 1137 1685 conabimur,
1168 1633 1259 1672 tum
1287 1627 1415 1689 signa
1445 1627 1661 1690 quaedam

175 1704 467 1766 adducentes,
491 1722 546 1753 ex
569 1707 729 1770 quibus
749 1706 802 1753 de
822 1705 1123 1770 philosophiis
1138 1707 1359 1770 judicium
1379 1706 1478 1753 fieri
1499 1708 1660 1771 possit,

173 1790 267 1833 tum
306 1786 488 1833 interim
518 1786 637 1833 inter
679 1787 802 1851 ipsas
835 1786 1174 1851 philosophias,
1221 1792 1431 1850 portenta
1458 1803 1661 1834 errorum

175 1865 396 1912 nonnulla
418 1871 463 1912 et
486 1882 609 1912 mera
628 1866 876 1913 animorum
895 1866 1094 1913 ludibria
1122 1867 1175 1913 ad
1198 1882 1349 1912 earum
1374 1867 1661 1915 autoritatem

175 1945 535 1993 labefactandam
565 1952 789 1994 notantes.
860 1946 1020 2011 Neque
1041 1952 1187 1993 tamen
1210 1963 1292 1993 005
1322 1945 1463 2009 fugit,
1498 1946 1662 1995 fortius

175 2025 430 2089 hujusmodi
455 2043 657 2073 errorum
684 2032 790 2074 ae'ra
814 2027 910 2091 figi,
942 2043 1070 2091 quam
1098 2032 1146 2072 ut
1171 2026 1236 2072 eis
1256 2042 1338 2089 per
1351 2031 1547 2073 saturam
1580 2027 1664 2075 de-

176 2112 387 2169 rogetur,
429 2107 698 2171 praesertim
735 2123 835 2153 cum
868 2106 976 2154 viris
1020 2106 1166 2153 doctis
1206 2122 1294 2152 non
1337 2106 1397 2152 sit
1428 2123 1545 2154 nova
1584 2113 1662 2154 aut

176 2185 409 2250 incognita
436 2202 491 2234 ea
517 2186 817 2235 confidentiae
846 2192 891 2235 et
920 2186 1169 2251 jactantiae
1201 2185 1393 2249 species,
1425 2202 1538 2249 quae
1559 2187 1663 2251 opi-

177 2266 335 2319 niones
358 2267 542 2331 abjicit,
579 2284 669 2314 non
700 2267 884 2329 frangit.
955 2264 1050 2314 Sed
1079 2281 1163 2312 nec
1199 2282 1280 2312 nos
1312 2265 1481 2330 aliquid
1519 2266 1663 2313 levius

177 2345 476 2407 autinferius,
499 2363 627 2411 quam
645 2364 726 2411 pro
749 2346 815 2393 rei
843 2362 956 2410 quae
981 2346 1130 2410 agitur
1156 2346 1389 2408 majestate
1408 2347 1664 2407 afferemus,

179 2441 323 2488 neque
372 2442 430 2473 ex
472 2426 560 2473 1100
598 2443 764 2488 genere
812 2424 1262 2489 redargutionis
1312 2441 1497 2489 prorsus
1534 2425 1663 2473 fidem

178 2504 348 2565 facere,
369 2504 449 2552 sed
468 2510 638 2552 tantum
660 2505 923 2570 patientiam
940 2510 985 2553 et
1010 2505 1421 2570 aequanimitatem,
1458 2505 1592 2570 idque
1617 2505 1665 2552 in

177 2583 551 2647 ingeniistantum
575 2587 811 2634 altioribus
834 2591 879 2634 et
900 2584 1216 2647 firmiroribus,
1239 2586 1484 2634 conciliare
1509 2602 1669 2650 spera-

179 2680 293 2711 mus.
362 2663 522 2729 Neque
553 2667 671 2714 enim
703 2666 921 2731 quispiam
967 2682 1025 2713 ex
1055 2667 1142 2714 isto
1167 2666 1346 2714 assiduo
1372 2671 1417 2714 et
1449 2671 1666 2730 perpetuo

181 2749 383 2792 01101010
407 2746 729 2806 contubernio,
763 2746 828 2793 ita
863 2763 912 2793 se
941 2746 1144 2811 recipere
1180 2752 1331 2811 potest
1361 2752 1406 2794 01
1432 2745 1486 2792 ad
1513 2752 1667 2792 nostra

181 2839 283 2871 cum
304 2829 431 2872 tanta
453 2825 765 2873 benevolentia
789 2830 835 2873 et
856 2827 993 2873 animi
1014 2826 1322 2890 magnitudine
1350 2825 1583 2884 accedere,
1620 2829 1669 2871 ut

182 2918 272 2950 000
302 2904 455 2968 0011101
483 2904 649 2952 babere
679 2905 887 2966 interim,
923 2922 1036 2970 quae
1070 2907 1124 2954 de
1148 2907 1373 2953 veteribus
1403 2909 1447 2952 et
1473 2903 1668 2967 receptis

179 2982 349 3045 cogitet
391 2990 436 3031 et
480 2985 706 3049 opinetur.
785 2984 944 3034 Sane
992 2987 1045 3033 in
1094 2984 1339 3033 tabellis
1397 3000 1504 3030 non
1553 2983 1670 3030 alia

226 3059 645 3096 VERULAM.01'>.G.
1411 3061 1437 3103 3
