1947 3456
336 278 391 320 18
658 272 1000 314 DELINEATIO
1033 287 1081 312 Er
1112 274 1515 316 ARGUMENTUM.

331 395 374 435 et
397 388 631 451 deinceps,
675 392 907 451 postquam
939 388 1017 451 figi
1054 387 1252 451 coeperit
1286 392 1417 450 atque
1456 403 1512 434 ex
1542 402 1622 433 usu
1653 387 1796 434 ratio-

329 468 398 513 nis
433 467 633 530 legitimo
677 465 925 527 verificari,
982 471 1026 513 et
1061 466 1327 512 transfertur
1368 470 1411 511 et
1451 464 1712 527 commigrat
1750 465 1796 509 in

329 552 520 594 sextum.

425 623 546 670 Huic
576 639 679 670 vero
717 624 833 669 libro
876 622 1132 669 secundo
1154 626 1173 652 ὓ
1216 621 1506 668 committitur
1541 620 1797 667 intellectus

328 704 424 766 ipse
442 738 455 761 ,
492 702 676 765 ejusque
699 717 807 748 cura
830 706 874 748 et
909 701 1108 763 regimen
1139 700 1367 762 omnisque
1402 705 1642 764 apparatus
1668 705 1798 763 atque

328 781 564 827 instructio
590 780 643 826 ad
667 796 813 827 veram
839 780 1027 826 rationis
1061 778 1488 826 ad111inist1·ationem
1525 779 1796 838 conducens,

328 859 612 906 describitur.
682 859 832 922 Atque
858 859 965 905 licet
995 875 1155 905 nomen
1188 858 1331 922 ipsum
1369 858 1546 921 logicae
1573 858 1664 904 sive
1697 857 1797 903 dia-

327 938 542 998 lecticae,
586 942 771 1001 propter
802 936 1141 1000 depravationes
1176 937 1291 1000 apud
1328 953 1408 982 nos
1444 936 1666 999 ingratum
1703 937 1797 983 fere

328 1022 479 1078 sonet,
516 1022 664 1064 tamen
687 1021 735 1062 ut
757 1016 957 1062 homines
984 1032 1064 1079 per
1090 1020 1302 1063 consueta
1332 1020 1554 1078 tamquam
1579 1014 1798 1061 manudu-

329 1111 505 1154 camus,
554 1101 622 1142 est
663 1100 784 1141 certe
830 1111 919 1140 ars
966 1110 1053 1154 ea,
1110 1110 1268 1156 quam
1324 1093 1686 1153 adducimus,
1731 1110 1795 1140 ex

326 1189 539 1235 genere
576 1173 830 1236 logicae,
868 1189 979 1236 quae
1005 1178 1048 1220 et
1071 1173 1168 1235 ipsa
1197 1173 1413 1235 [vulgaris
1434 1174 1630 1236 inquam]
1662 1172 1795 1219 anxi-

326 1252 389 1298 lia
424 1257 481 1298 et‘
511 1252 735 1315 praesidia
774 1253 1006 1299 intellectu
1042 1257 1171 1314 parat
1214 1258 1257 1298 et
1298 1252 1495 1298 molitur.
1566 1251 1730 1298 Disfe
1743 1257 1796 1296 rt

328 1336 513 1378 autem
551 1337 754 1378 nostra
791 1347 815 1377 a
852 1331 1048 1393 logica
1096 1331 1357 1393 vulgari,
1390 1336 1481 1377 tum
1513 1330 1614 1376 aliis
1645 1330 1794 1388 rebus,

326 1416 419 1457 tum
454 1411 694 1474 praecipue
729 1411 898 1467 tribus;
947 1409 1156 1456 videlicet
1191 1409 1392 1455 initiis
1440 1409 1793 1472 inquirendi,

327 1488 526 1536 ordine
559 1488 1022 1548 demonstrandi,
1065 1493 1195 1551 atque
1232 1488 1353 1534 fine
1391 1493 1449 1535 et
1485 1487 1708 1535 officio.

427 1566 545 1614 Nam
570 1573 613 1615 et
650 1567 1081 1632 inquisitionis
1120 1566 1352 1612 initium
1391 1567 1572 1613 altius
1608 1567 1793 1631 sumit,

326 1662 379 1693 ea
399 1646 676 1710 subjiciendo
702 1647 914 1707 examini,
947 1662 1057 1710 quae
1079 1645 1228 1708 logica
1250 1646 1446 1709 vulgaris
1471 1645 1605 1692 veluti
1630 1662 1687 1693 ex
1709 1645 1795 1692 fide

326 1725 473 1772 aliena
498 1730 542 1773 et
562 1727 801 1774 autoritate
825 1742 961 1773 coeca
987 1724 1171 1788 recipit3
1208 1725 1448 1790 principia,
1471 1725 1675 1772 notiones
1697 1724 1794 1788 pri-

324 1821 418 1852 mas
445 1810 576 1869 atque
606 1807 728 1870 ipsas
756 1804 1094 1852 informationes
1131 1820 1287 1851 sensus
1322 1811 1366 1852 et
1403 1804 1658 1852 ordinem
1706 1804 1794 1851 de-

324 1902 366 1932 111
381 1901 405 1932 o
421 1902 447 1931 n
462 1890 620 1932 stran
633 1885 685 1931 di
722 1886 777 1948 pl
792 1901 816 1931 a
831 1902 856 1930 n
872 1901 894 1931 e
930 1884 983 1929 in
1001 1900 1057 1930 ve
1072 1899 1093 1928 r
1107 1883 1149 1930 ti
1166 1888 1198 1943 t,
1235 1884 1565 1948 propositiones
1593 1888 1636 1930 et
1662 1883 1794 1930 axio-

324 1969 469 2025 mata,
507 1965 560 2010 ab
588 1963 776 2010 historia
796 1969 840 2010 et
873 1963 1219 2027 particularibus
1246 1963 1299 2009 ad
1325 1963 1555 2026 generalia
1577 1979 1657 2026 per
1689 1979 1793 2009 sca-

324 2043 414 2089 lam
453 2043 783 2091 adscensoriam
820 2042 1100 2090 continenter
1132 2042 1415 2089 subvehendo
1454 2048 1498 2089 et
1535 2042 1792 2102 excitando,

325 2132 412 2169 no'n
437 2123 642 2187 protinus
665 2122 720 2168 ad
751 2121 975 2186 principia
1011 2127 1055 2169 et
1087 2121 1227 2184 magis
1263 2121 1493 2183 generalia
1527 2122 1790 2181 advolando,

326 2206 457 2265 atque
503 2201 557 2249 ab
590 2202 683 2249 illis
721 2201 889 2249 medias
929 2201 1257 2266 propositiones
1299 2199 1557 2247 deducendo
1595 2206 1638 2247 et
1669 2200 1792 2247 deri-

326 2280 484 2328 vando.
556 2280 719 2328 Finis
745 2286 889 2328 autem
929 2280 1061 2345 hujus
1091 2279 1304 2327 scientiae
1336 2284 1429 2339 est,
1478 2285 1535 2326 ut
1576 2278 1689 2327 Res
1736 2285 1792 2327 et

327 2354 552 2423 Opera,
594 2377 700 2406 non
745 2366 1084 2422 argumenta
1121 2364 1164 2406 et
1209 2359 1468 2406 rationes
1512 2359 1791 2423 probabi-

325 2438 437 2498 les,
474 2439 862 2486 inveniantur
902 2445 956 2485 et
1000 2439 1354 2485 indicentur.
1426 2438 1578 2498 Quare
1606 2427 1790 2484 institu-

324 2522 415 2563 tum
435 2516 567 2580 hujus
590 2517 695 2563 libri
719 2517 904 2564 secundi
933 2517 1187 2581 hujusmodi
1209 2523 1292 2564 est.

425 2594 559 2642 Nunc
596 2595 1077 2643 distributionem
1115 2596 1311 2659 ejusdem
1337 2595 1602 2660 simpliciter
1621 2610 1790 2658 propo-

324 2690 492 2722 nemus
554 2674 933 2734 Quemadmodum
951 2676 995 2721 in
1017 2675 1306 2738 generatione
1328 2674 1508 2721 luminis
1530 2673 1788 2737 requiritur,

324 2760 371 2802 ut
395 2770 556 2818 corpus
576 2755 725 2802 lumen
749 2760 1029 2819 recepturum
1046 2755 1267 2819 poliatur,
1305 2759 1436 2818 atque
1459 2751 1617 2800 deinde
1636 2751 1679 2797 in
1708 2750 1789 2798 de-

372 2934 412 2979 6)
442 2932 555 2969 lust.
584 2931 742 2981 Magn.
769 2931 883 2969 Pars
912 2933 958 2971 11.
1012 2932 1161 2969 Novum
1192 2931 1402 2982 Organum.
