1947 3456
327 293 425 338 110
847 289 1272 334 VERULAMH

328 413 471 477 primo
502 409 673 458 diffidat
704 415 747 456 et
782 410 913 472 paulo
943 414 1044 473 post
1078 425 1126 456 sc
1157 413 1437 469 contenmat3
1486 415 1616 472 atque
1650 411 1793 474 primo

328 489 592 538 incredibile
614 490 653 535 ei
675 487 898 547 videatur,
941 487 1109 551 aliquid
1141 489 1230 535 tale
1260 488 1449 535 inveniri
1474 504 1630 551 posse3
1666 498 1794 551 post-

328 586 455 634 quam
480 574 622 614 autem
644 566 869 612 inventum
895 567 970 625 sit,
1005 566 1268 614 incredibile
1293 583 1446 614 rursus
1472 566 1700 627 videatur,
1749 568 1793 614 id

327 648 529 696 homines
553 644 719 691 tamdiu
744 644 898 707 fugere
920 644 1133 707 potuisse.

434 738 625 798 Atque
673 734 777 782 hoc
822 734 1004 797 ipsum
1050 733 1117 779 ad
1162 748 1319 795 spem
1363 734 1476 781 rite
1510 733 1794 792 trabitur3

327 830 641 880 superesse
685 813 949 859 nimirum
1007 812 1108 858 adh
1126 827 1189 858 uc
1233 827 1486 873 magnum
1528 813 1795 859 invento-

326 912 442 942 rum
480 892 788 950 cumulum,
826 891 900 953 qui
931 908 1017 938 non
1041 891 1184 937 solum
1205 906 1261 936 ex
1284 890 1616 953 operationibus
1637 891 1797 953 incog-

326 974 434 1020 nitis
467 971 674 1019 eruendis
688 1004 703 1029 ,
740 969 815 1016 sed
847 976 891 1016 et
923 986 978 1016 ex
1010 970 1101 1032 jam
1135 969 1327 1030 cognitis
1357 969 1705 1028 transferendis,
1752 975 1797 1015 ct

327 1049 643 1114 componendis
665 1054 709 1096 et
730 1047 1026 1111 applicandis,
1063 1064 1143 1110 per
1164 1063 1258 1094 eam
1272 1081 1288 1108 ,
1325 1064 1454 1110 quam
1490 1047 1683 1094 diximus
1712 1064 1797 1094 ex-

326 1129 588 1194 perientiam
610 1127 850 1185 literatam,
887 1125 1045 1172 deduci
1066 1125 1224 1188 possit.

998 1257 1128 1305 CXI.

430 1350 629 1414 Neque
690 1348 838 1396 illud
905 1347 1281 1396 omittendum
1345 1347 1409 1394 ad
1468 1348 1794 1396 faciendam

327 1447 497 1495 spem.

429 1518 675 1581 Reputent,
713 1516 751 1562 si
777 1516 941 1579 placet,
978 1515 1195 1574 homines,
1232 1514 1429 1562 infinitas
1460 1515 1645 1578 ingenii,
1681 1521 1798 1564 tem-

328 1599 478 1663 poris,
513 1596 802 1654 facultatum,
845 1610 1093 1658 expensas,
1129 1610 1236 1656 quas
1271 1593 1471 1641 homines
1509 1595 1554 1641 in
1588 1597 1719 1643 rebus
1753 1603 1797 1644 et

327 1676 487 1724 studiis
527 1675 661 1737 longe
705 1674 891 1720 minoris
926 1689 1030 1719 usus
1068 1678 1111 1719 et
1143 1672 1276 1735 pretii
1313 1673 1562 1732 collocant3
1587 1708 1593 1715 .
1612 1691 1796 1738 quorum

328 1771 434 1819 pars
457 1759 609 1817 quota,
641 1754 680 1799 si
702 1753 757 1799 ad
781 1768 889 1799 sana
909 1757 954 1799 et
975 1751 1118 1798 solida
1142 1756 1402 1810 verteretur,
1423 1752 1547 1797 nulla
1567 1769 1654 1798 non
1676 1753 1799 1799 diffi-

328 1834 472 1880 cultas
492 1832 697 1895 superari
718 1831 876 1894 possit.
932 1829 1062 1890 Quod
1085 1829 1253 1877 idcirco
1287 1830 1531 1893 adjungere
1553 1831 1691 1877 visum
1712 1837 1797 1892 est,

328 1912 432 1976 quia
452 1911 586 1974 plane
618 1910 835 1968 fatemur,
878 1909 1172 1956 historiae
1218 1911 1509 1957 naturalis
1539 1915 1596 1957 et
1627 1926 1798 1973 expe--

329 1991 430 2036 rim
447 1989 674 2036 entalis
722 1988 1169 2048 collectionem,
1216 1989 1390 2052 qualem
1418 1990 1564 2035 animo
1593 1989 1798 2035 metimur

331 2074 377 2116 et
410 2067 555 2131 qualis
589 2082 687 2113 esse
720 2064 877 2124 debet,
915 2082 1054 2128 opus
1097 2082 1222 2113 esse
1259 2083 1506 2129 magnum
1543 2073 1596 2114 et
1631 2067 1798 2130 quasi

331 2147 578 2210 regium,
612 2150 667 2192 et
703 2144 918 2192 multae
954 2159 1164 2207 operae
1201 2149 1374 2207 atque
1408 2145 1719 2208 impensae.

987 2275 1143 2324 CXII.

431 2366 617 2414 Interim
662 2366 1121 2430 particularium
1165 2366 1594 2414 multitudinem
1641 2384 1798 2415 nemo

335 2445 707 2512 reformidet,
745 2446 849 2509 quin
886 2448 1036 2510 potius
1071 2448 1175 2495 hoc
1211 2447 1393 2511 ipsum
1441 2447 1503 2493 ad
1532 2463 1686 2510 spem
1715 2463 1800 2494 re-

336 2530 519 2571 voceh

436 2600 555 2648 Sunt
575 2601 693 2648 enim
715 2602 875 2648 artium
896 2607 941 2649 et
960 2608 1145 2650 naturae
1167 2603 1457 2667 particularia
1479 2602 1799 2666 phaenomena,

335 2679 551 2742 manipuli
578 2679 732 2739 instar,
767 2680 823 2726 ad
855 2680 1024 2742 inge-nii
1046 2688 1318 2743 commenta,
1354 2688 1586 2745 postquam
1621 2680 1676 2726 ab
1703 2680 1800 2726 evi-

337 2757 487 2804 dentia
507 2773 653 2804 rerum
685 2758 907 2821 disjuncta
937 2765 981 2805 et
1004 2760 1228 2807 abstracta
1249 2761 1430 2808 fuerint.
1496 2761 1646 2821 Atque
1667 2757 1799 2821 liujus

338 2836 434 2883 viae
463 2835 628 2895 exitus,
663 2836 710 2883 in
742 2843 895 2900 aperto
934 2842 1001 2884 est
1022 2844 1066 2884 et
1095 2838 1190 2885 fere
1215 2839 1262 2884 in
1289 2839 1563 2902 propinquo;
1598 2837 1799 2896 alterius,

338 2913 484 2961 exitus
503 2914 652 2961 nullus
672 2914 750 2963 sed
773 2915 1020 2980 implicatio
1041 2916 1232 2965 infinita.
1266 2915 1482 2963 Homines
1499 2915 1614 2963 enim
1637 2914 1799 2975 adhuc,
