2064 3490
603 287 867 334 NOVUM
914 286 1294 334 ORGANUM.
1620 285 1687 334 49

199 429 330 459 unum
346 412 524 460 modum
546 420 590 461 et
612 411 920 469 conformiter,
955 409 1024 455 illi
1060 408 1171 456 satis
1207 409 1319 456 bene
1344 409 1462 456 inter
1487 426 1534 457 se
1561 428 1677 458 con-

199 509 362 556 gruere
388 498 590 559 possent.

820 623 1064 673 XXVIII.

299 719 339 780 Φ
357 720 450 766 uin
481 720 657 783 longe
705 717 1034 766 validiores
1065 720 1195 764 sunt
1232 715 1284 762 ad
1328 733 1386 763 sn
1404 717 1683 766 beundum

196 815 366 847 assen
383 817 499 847 sum
536 799 950 864 anticipatio
966 815 1076 846 nes
1114 814 1181 860 qu
1199 812 1278 842 am
1315 796 1683 861 interpreta-

194 879 238 926 ti
258 896 282 925 o
299 896 325 925 n
340 896 363 926 e
375 897 414 940 s,
443 880 557 943 quia
587 896 645 926 ex
679 879 835 942 paucis
871 878 1091 925 collectae
1106 911 1123 936 ,
1166 876 1313 939 iisque
1348 877 1543 925 maxime
1570 896 1683 944 quac

193 959 480 1007 familiariter
521 962 794 1018 occurrunt,
853 956 1136 1004 intellectum
1173 956 1325 1002 statim
1371 958 1685 1022 perstringunt

193 1044 238 1085 et
267 1038 550 1102 phantasiam
587 1038 776 1103 implent
791 1054 803 1096 3
848 1035 927 1083 ubi
968 1041 1127 1083 contra
1159 1037 1222 1085 in
1237 1044 1261 1084 t
1273 1053 1299 1083 e
1311 1053 1341 1083 r
1343 1052 1386 1101 p
1399 1054 1429 1084 r
1441 1054 1466 1085 c
1478 1045 1503 1086 t
1516 1057 1548 1086 a
1561 1047 1584 1086 t
1597 1040 1683 1087 ἰο-

191 1136 299 1169 nes
310 1153 326 1180 ,
369 1136 428 1167 ex
463 1120 598 1168 rebus
641 1116 877 1165 admodum
921 1116 1061 1163 variis
1104 1122 1150 1164 et
1193 1116 1382 1163 multum
1414 1116 1684 1167 distantibus

190 1199 384 1263 sparsim
417 1199 656 1260 collectae,
690 1198 969 1246 intellectum
1005 1197 1154 1244 subito
1189 1202 1428 1260 percutere
1460 1213 1547 1244 non
1574 1215 1684 1262 pos-

189 1284 312 1340 sunt,
349 1285 399 1326 ut
423 1295 610 1328 necesse
631 1278 717 1339 sit,
765 1294 869 1338 eas,
918 1276 1100 1340 quoad
1148 1275 1466 1340 opiniones
1514 1276 1684 1325 duras

189 1363 243 1406 et
297 1359 584 1420 absonas,
643 1357 767 1405 fere
821 1358 1016 1405 instar
1063 1355 1477 1420 mysteriorum
1538 1356 1615 1403 fid
1633 1358 1683 1404 ei

190 1438 398 1487 viderh

834 1558 1032 1607 XXIX.

294 1653 351 1701 In
385 1652 608 1713 scientiis,
642 1667 756 1716 quae
786 1651 832 1698 in
863 1649 1152 1715 opinionibus
1186 1656 1230 1698 et
1263 1649 1446 1717 placitis
1474 1649 1686 1697 fundatae

189 1739 312 1796 sunt,
347 1735 489 1783 bonus
512 1738 581 1781 est
601 1749 738 1780 usus
773 1730 1279 1795 anticipationum
1316 1737 1371 1779 et
1406 1730 1687 1779 dialecti-

190 1829 321 1876 cae,
347 1813 530 1879 quando
557 1829 669 1878 opus
689 1817 758 1861 est
780 1827 1011 1859 assensum
1035 1811 1297 1875 subjugare,
1333 1828 1424 1859 non
1448 1827 1535 1859 res.

846 1947 1018 1996 XXX.

295 2038 342 2088 N
355 2056 380 2088 o
393 2056 420 2087 n
435 2074 452 2101 ,
485 2040 525 2087 si
545 2040 696 2088 omnia
729 2039 926 2087 omnium
961 2044 1159 2086 aetatum
1193 2038 1377 2101 ingenia
1411 2037 1603 2086 coierint
1640 2046 1684 2088 et

187 2119 368 2168 labores
391 2120 666 2168 contulerint
690 2125 735 2167 et
759 2118 1109 2180 transmiserint,
1135 2137 1163 2184 p
1178 2136 1200 2165 r
1214 2136 1239 2166 o
1252 2136 1282 2183 g
1295 2135 1319 2165 r
1332 2135 1356 2166 e
1368 2135 1389 2165 s
1400 2135 1421 2165 s
1434 2135 1461 2165 u
1475 2135 1497 2166 s
1532 2136 1574 2165 m
1590 2135 1616 2165 a
1626 2137 1685 2182 g-

187 2217 290 2248 nus
321 2200 468 2249 fieri
500 2200 726 2266 poterit
754 2200 811 2247 in
844 2199 1126 2247 scientiis
1159 2215 1263 2263 per
1296 2198 1684 2262 anticipatio-

186 2297 217 2327 n
230 2297 254 2328 e
267 2297 316 2341 ες
344 2281 450 2346 quia
464 2297 642 2328 errores
664 2280 907 2341 radicales,
931 2284 976 2328 et
995 2279 1042 2326 in
1065 2278 1212 2343 prima
1232 2278 1485 2342 digestione
1501 2279 1682 2339 mentis,

190 2361 246 2406 ab
255 2347 546 2409 'excellentia
577 2360 859 2409 functionum
886 2365 931 2408 et
966 2357 1264 2408 remediorum
1287 2359 1568 2423 sequentium
1595 2375 1684 2406 non

191 2446 423 2487 curantur.

835 2563 1033 2613 XXXI.

292 2656 485 2704 Frustra
522 2672 729 2720 maguum
763 2660 1055 2722 exspectatur
1090 2662 1375 2719 augmentum
1406 2657 1450 2703 in
1482 2657 1685 2705 scientiis

189 2754 247 2786 ex
269 2736 670 2802 superinductione
697 2744 741 2785 et
762 2737 977 2785 insitione
1008 2752 1227 2784 novorum
1251 2754 1387 2802 super
1411 2743 1581 2798 vetera,
1607 2737 1683 2783 scd

186 2816 543 2865 instauratio
573 2817 862 2867 facienda
895 2822 984 2865 est
1014 2818 1077 2864 ab
1107 2818 1238 2865 imis
1268 2817 1686 2876 fundamentis,

186 2896 277 2944 nisi
303 2897 444 2946 libeat
476 2903 695 2963 perpetuo
731 2895 1028 2947 circumvolvi
1062 2897 1110 2944 in
1142 2898 1326 2958 orbem,
1363 2914 1464 2945 cum
1496 2896 1608 2945 exili
1641 2902 1687 2945 et

189 2976 317 3040 quasi
338 2979 663 3026 contemnendo
697 2994 958 3044 progressu.

242 3054 661 3089 VERULAM.OR0.
1431 3058 1460 3098 4
