1947 3456
267 280 333 329 46
820 275 1239 322 VERULAMII

259 408 407 477 pati,
454 405 599 470 ipsum
635 417 768 457 esse,
813 399 957 445 bonae
988 397 1194 444 notiones
1237 400 1366 455 sunt;
1413 397 1550 444 multo
1586 399 1730 446 minus

264 505 452 554 grave,
500 485 632 542 lere,
680 481 918 538 densum,
965 485 1143 531 tenue,
1188 475 1475 537 humidum,
1521 478 1728 538 sak-cum,

265 565 557 633 generatio,
605 558 891 623 corruptio,
928 555 1226 616 attrahere,
1241 557 1465 619 fugare,
1518 556 1732 605 elemen-

271 660 400 708 tum,
429 642 671 695 materia,
693 640 901 702 forma,
936 641 979 683 et
1009 635 1054 681 id
1074 650 1232 698 genRS,
1262 635 1342 682 sed
1369 651 1520 683 omnes
1541 636 1735 700 phanta-

269 729 409 776 sticae
439 730 483 772 et
506 722 620 769 male
643 717 924 766 terminatae.

932 826 1067 874 XVI.

365 927 507 977 Noti
523 943 546 973 o
561 943 586 971 n
601 941 624 972 e
639 940 659 970 s
696 920 944 967 infimarum
985 917 1233 981 specierum
1273 917 1531 978 Ummium,
1578 921 1735 979 camis,

272 1007 549 1066 columbae]
589 1010 633 1051 et
664 1000 1008 1066 prehensionum
1039 996 1391 1043 inunediatarnm
1426 1015 1600 1059 sensus,
1634 1000 1736 1060 [ca-

273 1085 603 1152 l2·d1·,fr1egrz·dt,
641 1081 757 1138 albi,
792 1077 966 1138 ηιζξνιᾏ]
1001 1092 1089 1122 non
1119 1075 1281 1122 fallunt
1302 1093 1586 1141 magnopere,
1623 1094 1736 1141 quae

272 1176 419 1217 tamen
443 1167 566 1229 ipsae
589 1178 613 1208 a
635 1161 759 1206 fluxu
782 1156 995 1203 materiae
1022 1160 1066 1201 et
1086 1154 1396 1202 commissione
1425 1173 1572 1203 rerum
1595 1172 1740 1220 qnan-

275 1249 418 1312 doque
441 1262 463 1292 c
478 1261 501 1290 o
514 1260 539 1288 n
555 1242 608 1287 fn
624 1257 649 1286 n
663 1239 689 1285 d
705 1256 733 1284 11
747 1255 773 1283 n
787 1241 845 1283 tu
859 1252 904 1294 r;
941 1235 1141 1297 reliquae
1164 1250 1332 1294 omnes,
1360 1235 1518 1298 quibus
1538 1235 1740 1282 homines

273 1328 490 1374 hactenus
523 1320 592 1367 usi
622 1323 749 1378 sunt,
793 1314 1200 1362 aberrationes
1245 1319 1411 1375 sunt,
1457 1330 1542 1362 nec
1576 1314 1738 1362 debitis

273 1405 417 1454 modis
438 1420 464 1450 a
482 1402 614 1450 rebus
636 1399 887 1445 abstractae
909 1400 952 1442 et
977 1393 1217 1441 excitatae.

925 1516 1087 1565 XVII.

369 1606 490 1654 Nec
526 1604 708 1650 minor
743 1604 831 1647 est
860 1597 1047 1645 libido
1083 1601 1136 1643 et
1180 1594 1485 1643 aberratio
1522 1595 1579 1641 in
1610 1611 1743 1643 con-

277 1693 327 1736 st
341 1688 384 1733 it
397 1702 458 1732 ue
474 1702 501 1730 n
514 1684 599 1729 dis
637 1698 701 1728 ax
717 1681 731 1726 i
746 1696 823 1726 0111
839 1678 956 1725 atib
970 1693 1045 1737 us,
1075 1691 1204 1739 quam
1222 1674 1267 1721 in
1289 1675 1544 1722 notionibus
1565 1676 1743 1723 abstra-

276 1766 451 1825 hendis,
475 1763 607 1827 idque
628 1762 674 1807 in
694 1759 804 1824 ipsis
822 1756 1074 1821 principiis,
1097 1771 1208 1819 quae
1223 1754 1276 1800 ab
1300 1753 1556 1802 inductione
1569 1755 1744 1818 vulgari

276 1845 493 1911 pendent3
531 1847 576 1888 at
597 1839 734 1886 multo
757 1837 901 1884 minor
923 1841 990 1882 est
1008 1835 1054 1880 in
1074 1833 1370 1881 axiomatibus
1403 1838 1447 1881 et
1467 1833 1746 1899 propositio-

277 1927 406 1972 nibus
432 1920 737 1978 inferioribus,
773 1933 884 1981 quae
909 1914 1058 1963 educit
1080 1914 1382 1978 syllogismus.
1574 1906 1584 1909 ⁸

915 2026 1103 2074 XVIII.

378 2116 535 2176 Quae
573 2111 759 2158 adhuc
795 2108 1039 2154 inventa
1075 2112 1214 2153 sunt
1242 2106 1289 2152 in
1314 2104 1533 2165 scientiis,
1571 2121 1624 2152 ea
1657 2104 1744 2150 bu-

276 2195 469 2261 jusmodi
493 2198 611 2251 sunt,
647 2195 696 2236 ut
717 2187 973 2235 notionibus
996 2186 1253 2248 vulgaribus
1278 2185 1370 2232 fere
1393 2185 1668 2248 subjaceant.

379 2274 452 2321 Ut
487 2287 621 2319 vero
655 2268 719 2315 ad
748 2266 1041 2312 interiora
1072 2271 1124 2312 et
1159 2264 1476 2312 remotiora
1505 2269 1746 2310 naturae

280 2357 655 2418 penetretur,
710 2358 986 2396 NECESSE
1045 2351 1162 2404 est,
1214 2350 1272 2391 ut
1316 2350 1423 2391 tam
1471 2342 1747 2389 notiones

283 2449 443 2496 quam
498 2429 820 2485 axiomata,
869 2437 1060 2473 MAGIS
1124 2437 1322 2473 CERTA
1378 2436 1454 2471 ET
1503 2434 1747 2470 MUNlTA

286 2524 406 2569 VIA,
441 2526 466 2555 a
496 2509 670 2555 rebus
707 2505 1144 2562 abstrahantur,
1175 2508 1346 2565 atque
1383 2500 1610 2548 omnino
1645 2512 1747 2547 ΜΕ-

281 2601 432 2639 LIOR
478 2602 556 2636 ET
602 2596 890 2636 CERTIOR
937 2594 1383 2631 INTELLECTUS
1425 2591 1747 2631 ADOPERA-

282 2681 391 2718 ΤΙΟ
428 2668 484 2715 in
520 2682 672 2712 usum
710 2665 918 2711 veniat.

379 2860 423 2906 D
438 2877 463 2906 u
478 2876 503 2906 a
519 2875 543 2906 e
573 2857 625 2904 vi
638 2874 663 2904 a
676 2873 698 2904 e
733 2873 753 2903 s
767 2873 792 2902 u
806 2860 863 2902 nt
893 2860 1023 2919 atque
1044 2869 1141 2900 esse
1156 2855 1342 2916 possunt
1362 2849 1415 2897 ad
1441 2845 1748 2913 inquirendam

285 2949 328 2992 et
348 2938 655 2987 inveniendam
676 2936 923 2985 veritatem.
992 2933 1196 2980 Altcra
1228 2947 1254 2978 a
1278 2946 1410 2978 sensu
1434 2935 1478 2977 et
1501 2926 1750 2994 particula-
