2064 3490
613 278 867 324 NOVUM
918 279 1297 324 ORGANUM,
1608 280 1704 327 103

221 404 366 446 autem
418 398 610 461 divinis,
663 400 790 448 initia
822 415 1023 463 quaeque
1063 400 1328 448 tenuissima
1374 401 1542 449 exitum
1581 410 1705 452 certo

221 479 420 527 trahunt.

325 560 477 623 Atque
501 558 614 622 quod
643 557 696 604 de
716 556 1029 620 spiritualibus
1051 557 1215 605 dictum
1241 565 1332 606 est:
1369 558 1519 607 REG
1537 560 1704 608 NUM

219 637 358 684 DEI
428 635 593 684 NON
664 635 912 683 VENIT
975 636 1138 685 CUM
1209 637 1703 688 OBSERVATI-

220 716 404 776 ONE3
439 717 483 763 id
510 718 644 764 etiam
670 717 713 762 in
743 717 859 762 11111111
900 718 1068 780 majore
1091 734 1226 781 opere
1251 719 1558 782 providentiae
1583 721 1701 768 divi-

217 813 302 844 nae
332 797 513 845 evenire
550 796 799 860 reperitur,
851 802 898 842 ut
936 798 1082 844 onmia
1118 800 1215 846 sine
1250 800 1440 862 strepitu
1478 808 1522 848 et
1551 802 1699 848 sonitu

217 877 385 941 placite
405 878 634 936 labantur,
672 881 804 939 atque
841 892 912 923 res
946 878 1079 941 plane
1119 884 1295 942 agatur,
1333 879 1592 944 priusquam
1616 881 1700 928 ho-

217 957 360 1004 mines
387 972 483 1004 eam
506 956 577 1019 agi
602 961 759 1019 putent
783 962 859 1002 aut
877 956 1127 1004 advertant.

316 1034 476 1099 Neque
513 1034 757 1083 omittenda
790 1041 857 1082 est
901 1035 1373 1085 PROPHETIA
1419 1037 1697 1085 DANIE-

212 1114 341 1163 LIS
363 1113 422 1175 ᾖ)
489 1115 542 1162 (le
606 1114 773 1161 ultimis
828 1115 977 1161 mundi
1035 1117 1340 1180 temporibus:
1413 1118 1593 1166 MUL
1616 1117 1700 1166 TI

212 1194 748 1243 PERTRANSIB
767 1195 950 1257 UNT,
1013 1197 1121 1244 ET
1179 1197 1698 1248 MULTIPLEX

211 1275 423 1323 ERIT
474 1274 897 1334 SCIENTIA;
943 1276 1179 1322 manifeste
1207 1277 1398 1324 innuens
1440 1285 1484 1325 et
1513 1280 1691 1343 signifi-

211 1371 336 1415 cans,
375 1371 473 1402 csse
495 1355 539 1401 111
564 1355 687 1414 satis,
726 1354 767 1400 id
793 1361 877 1414 est,
902 1354 947 1400 in
971 1354 1270 1418 providentia,
1309 1362 1357 1403 ut
1386 1367 1691 1423 pertran—

209 1435 382 1484 situs
431 1435 654 1483 mundi
698 1435 792 1498 [qui
835 1451 916 1498 per
958 1441 1024 1482 tot
1071 1435 1339 1499 longinquas
1379 1438 1690 1502 navigationes

208 1515 418 1579 impletus
453 1515 587 1578 plane
618 1520 694 1560 aut
724 1515 815 1577 jam
848 1515 890 1559 111
929 1531 1064 1578 opere
1096 1532 1193 1562 esse
1221 1515 1411 1578 videtur]
1453 1524 1507 1566 et
1542 1537 1689 1581 aug-

206 1602 426 1643 menta
467 1595 927 1653 scientiarum,
960 1594 1014 1640 111
1050 1594 1272 1641 eandem
1311 1602 1563 1646 aetatem
1602 1600 1687 1645 in-

203 1673 419 1722 cidant.

853 1751 1034 1800 XCIV.

309 1843 530 1909 Sequitur
576 1844 735 1892 ratio
785 1845 972 1892 omniu
988 1863 1025 1891 m
1072 1846 1313 1893 maxima
1360 1847 1424 1893 ad
1464 1848 1684 1896 sacien-

203 1925 321 1972 dam
360 1941 531 1989 spem,
556 1941 716 1990 nempe
753 1942 818 1972 ex
857 1925 1164 1973 erroribus
1205 1928 1491 1991 temporis
1524 1945 1682 1992 prae-

200 2005 364 2053 teriti
403 2010 460 2052 et
494 2006 710 2052 viarum
749 2005 934 2053 adhue
970 2012 1342 2054 tentaturum.

294 2083 483 2150 Optima
513 2086 629 2133 enim
669 2091 738 2133 est
777 2102 831 2134 ea
872 2086 1191 2150 reprehensio,
1244 2103 1374 2151 quam
1417 2087 1481 2134 de
1526 2092 1681 2134 statu

195 2165 366 2213 civili
402 2165 519 2212 haud
547 2165 792 2230 prudenter
817 2165 1146 2226 administrato,
1184 2167 1402 2230 quispiam
1435 2167 1505 2214 his
1533 2167 1681 2215 verbis

197 2246 461 2309 complexus
498 2251 590 2292 est:
649 2246 798 2304 Quod
838 2247 911 2294 ad
936 2247 1240 2311 praeterita
1263 2248 1549 2313 pessimum
1582 2256 1679 2307 est,

198 2326 254 2373 id
281 2326 574 2389 adfutura
607 2326 859 2390 optimum
886 2327 1058 2375 videri
1083 2328 1246 2375 debet.
1330 2328 1391 2375 Se·
1423 2328 1557 2375 enim
1588 2345 1678 2378 vos

198 2405 385 2464 omnia,
423 2421 553 2470 quae
588 2406 660 2452 ad
687 2406 913 2472 officium
945 2415 1178 2456 vestrum
1204 2415 1473 2473 spectant,
1513 2425 1677 2473 prae-

198 2485 488 2545 stitissetis,
525 2503 687 2551 neque
714 2495 891 2534 tamen
911 2504 996 2535 res
1019 2494 1228 2536 «vestrae
1251 2488 1305 2535 ἰἰι
1326 2489 1540 2537 meliore
1562 2488 1674 2537 loco

194 2574 403 2624 essent;
438 2582 500 2613 ne
524 2583 640 2631 spes
675 2567 876 2632 quide-m
905 2567 1014 2615 ulla
1045 2567 1248 2632 reliqua
1262 2569 1450 2632 foret,
1501 2585 1588 2617 eas
1621 2570 1674 2616 in

194 2644 376 2694 melius
399 2645 623 2710 prot-elei
644 2664 815 2712 posse.
889 2648 994 2695 Sed
1020 2665 1135 2696 cum
1166 2665 1344 2696 rerum
1374 2658 1673 2698 vestrarum

195 2732 387 2785 status,
424 2743 528 2773 mm
550 2744 582 2774 a
607 2727 662 2774 vi
684 2727 797 2792 ῲεα
822 2745 1017 2787 rerum,
1053 2729 1146 2776 sed
1174 2729 1236 2776 ab
1266 2730 1531 2778 erroribus
1564 2744 1670 2776 ‘ves-

195 2805 296 2853 tris
316 2805 451 2853 male
477 2823 530 2854 se
554 2806 778 2866 habeam
810 2808 1127 2872 sperandum
1148 2816 1245 2868 est,
1279 2809 1381 2859 illis
1407 2809 1668 2858 erroribus

269 2961 313 3010 ¹²)
342 2965 426 3004 ΧΗ.
454 2970 489 3005 4.
