2064 3490
597 297 858 344 NOVUM
910 297 1290 343 ORGANUM.
1613 290 1682 339 47

203 423 326 470 ribus
351 420 451 474 adv
468 422 590 470 olat
625 422 681 469 ad
708 421 936 468 axiomata
956 418 1151 466 maxime
1179 417 1438 482 generalia,
1463 425 1595 484 atque
1623 436 1683 468 ex

202 502 258 550 iis
282 501 521 566 principiis
540 516 782 565 eorumque
812 499 997 547 immota
1021 498 1210 546 veritate
1235 497 1412 563 judicat
1439 496 1485 548 et
1511 500 1683 547 invenit

202 582 428 630 axiomata
447 581 619 640 media3
656 585 789 644 atque
814 579 955 627 haee
988 578 1080 625 via
1111 578 1168 626 in
1202 594 1307 625 usu
1342 587 1427 628 est.
1470 579 1682 627 Altera

201 679 227 710 a
246 680 381 711 sensu
404 647 450 710 et
469 660 820 726 particularibus
841 676 908 708 ex
922 658 1075 707 citat
1114 657 1360 721 axiomata,
1398 659 1682 708 ascendendo

200 742 484 790 continenter
511 746 557 789 et
585 740 837 805 gradatim,
894 744 943 787 ut
979 739 1136 787 ultimo
1169 740 1272 788 loco
1307 740 1596 805 perveniatur
1626 739 1683 787 ad

197 821 391 870 maxime
414 822 674 886 generalia3
712 836 825 885 quae
863 820 952 868 via
988 836 1123 868 vera
1161 825 1247 881 est,
1284 819 1362 868 sed
1386 820 1626 869 intentata.

881 933 1001 980 XX.

293 1013 862 1078 Eandemingreditur
897 1013 1058 1074 viam,
1082 1012 1335 1078 priorem
1372 1014 1567 1075 scilicet,
1595 1014 1682 1061 in·-

196 1094 483 1143 tellectus
512 1094 628 1141 sibi
662 1094 949 1159 permissu
967 1110 1004 1152 S,
1042 1110 1174 1157 quam
1198 1093 1309 1141 facit
1331 1110 1387 1142 ex
1406 1094 1562 1142 ordine
1579 1093 1682 1141 dia-

194 1174 405 1223 lecticae.
473 1172 674 1222 Gestit
717 1175 836 1222 enim
883 1189 1060 1235 mens,
1099 1173 1350 1222 exsilire
1391 1174 1458 1221 ad
1500 1174 1681 1239 magis

195 1254 522 1317 generalia,
559 1261 618 1302 ut
650 1255 1029 1319 acquiescat3
1068 1259 1121 1302 et
1153 1259 1286 1318 post
1314 1271 1546 1318 parvam
1574 1273 1679 1303 mo-

195 1350 314 1381 ram
370 1334 615 1382 fastidit
684 1334 1130 1399 experientiam.
1239 1332 1336 1382 Sed
1398 1334 1512 1382 haec
1560 1335 1680 1383 mala

196 1412 370 1462 demum
401 1420 534 1462 aucta
552 1421 656 1463 sunt
678 1431 704 1463 a
721 1414 980 1476 dialectica,
1018 1414 1074 1462 ob
1098 1429 1285 1479 pompas
1309 1413 1681 1480 disputationum.

859 1527 1003 1576 XXI.

287 1617 652 1667 Intellectus
691 1620 807 1666 sibi
842 1620 1190 1685 permissuS‚
1227 1619 1285 1666 in
1313 1620 1555 1685 ingenio
1595 1639 1679 1671 so-

192 1697 323 1747 brio
367 1704 422 1747 et
468 1699 739 1765 patiente
776 1706 832 1748 et
878 1700 1069 1765 gravi,
1107 1701 1373 1765 praesertim
1394 1701 1684 1752 siadoctri-

193 1777 265 1825 nis
316 1781 512 1845 receptis
550 1797 641 1828 non
691 1780 990 1845 impediatur,
1045 1785 1242 1828 tentat
1296 1781 1504 1828 nonnihil
1551 1783 1681 1832 illam

195 1857 439 1906 alteram
481 1860 628 1907 viam
666 1877 779 1925 quae
812 1867 938 1909 recta
978 1866 1073 1922 est,
1123 1860 1201 1908 sed
1236 1861 1401 1924 exiguo
1442 1863 1680 1926 prosectu3

193 1953 295 1985 cum
330 1939 710 2003 intellectus,
752 1941 871 1988 nisi
907 1946 1150 2005 regatur
1200 1947 1256 1988 et
1296 1942 1552 2005 juvetur,
1586 1960 1678 1993 res

195 2017 538 2083 inaequalis
587 2022 664 2069 sit
714 2027 768 2070 et
814 2022 1040 2069 omnino
1087 2020 1375 2070 inhabilis
1409 2022 1478 2070 ad
1517 2040 1681 2089 supe-

192 2098 425 2147 randam
461 2117 652 2149 rerum
689 2102 1132 2150 obscuritatem.

845 2216 1018 2264 XXII.

289 2304 554 2372 Utraque
599 2308 671 2354 via
722 2308 898 2356 orditur
922 2325 1100 2356 asensu
1139 2311 1184 2355 et
1220 2307 1600 2372 particularibus,
1632 2317 1676 2358 et

191 2383 439 2446 acquiescit
460 2387 506 2433 in
524 2388 719 2436 maxime
740 2390 1056 2453 generalibus3
1080 2387 1159 2436 sed
1182 2387 1443 2436 immensum
1467 2389 1676 2454 quiddam

191 2461 562 2530 discrepant,
608 2485 708 2516 cum
742 2470 887 2518 altera
920 2468 1198 2534 perstringat
1230 2474 1402 2515 tantum
1431 2470 1676 2534 experien-

189 2542 301 2590 tiam
335 2550 380 2591 et
412 2548 710 2610 particularia
741 2550 935 2611 cursim,
975 2550 1119 2597 altera
1153 2549 1198 2595 in
1231 2549 1288 2596 iis
1323 2549 1408 2596 rite
1443 2555 1487 2596 ct
1517 2549 1674 2598 ordine

191 2630 421 2685 versetur3
444 2627 588 2675 altera
606 2647 761 2678 rursus
780 2632 872 2695 jam
895 2646 920 2676 a
941 2629 1166 2694 principio
1183 2629 1429 2677 constituat
1442 2631 1674 2693 generalia

192 2705 408 2769 quaedam
433 2708 662 2757 abstracta
685 2716 730 2758 et
750 2710 957 2770 inutilia,
991 2710 1135 2758 altera
1160 2709 1383 2774 gradatim
1405 2715 1597 2775 exurgat
1618 2709 1674 2756 ad

191 2801 261 2847 ea,
299 2803 412 2852 quae
431 2805 481 2837 re
506 2806 611 2837 vera
634 2794 822 2838 naturae
847 2796 950 2837 sunt
974 2791 1168 2839 notiora.

834 2903 1031 2953 XXIII.

286 2989 390 3039 Non
436 2994 534 3043 leve
583 2995 792 3061 quiddam
841 2996 1031 3044 interest
1079 2994 1198 3041 inter
1242 2992 1462 3041 humanae
1512 2993 1672 3041 mentis
