1998 3490
615 271 856 317 INDEX
912 270 1183 317 RERUM.
1542 270 1640 320 153

1513 393 1642 430 Pagina

159 440 584 478 Pollicitationes
612 440 1061 489 phantasticorum
1116 464 1517 480 .......
1592 446 1642 482 93

159 490 282 528 Post
305 491 431 528 haec
458 489 653 527 indicia
689 496 862 527 nostra
899 489 989 539 quid
1029 489 1078 525 ab
1106 489 1318 526 hominibus
1350 498 1517 540 exspect.
1569 497 1643 533 117

160 540 326 579 POST
359 539 624 577 VERBUM
653 539 772 585 DEI,
800 540 1004 577 certissima
1028 539 1304 587 superstitionis
1327 541 1514 579 medicina
1592 546 1642 583 99

161 591 404 629 Potentia
431 596 478 627 et
505 589 720 627 scientia
746 590 957 627 humana
994 589 1031 625 in
1060 589 1161 626 idem
1186 590 1402 628 coincidunt
1439 618 1452 630 .
1503 594 1564 630 27.
1591 595 1642 632 43

161 641 356 679 Pravae
384 639 872 689 demonstrationes,
900 640 1086 677 idolorum
1114 640 1306 690 praesidia
1373 669 1386 680 .
1438 670 1451 682 .
1501 669 1514 682 .
1591 647 1643 682 72

161 690 532 739 Praerogativa
558 690 838 728 instantiae
866 717 1516 732 ...........
1594 697 1646 732 30

161 740 532 789 Praerogativa
559 740 801 790 inquisiti
855 767 1515 781 ...........
1594 767 1645 773 —-

161 790 496 828 Praesentiae
524 789 767 828 humanae
796 791 1016 828 intentio
1056 816 1517 831 ........
1593 799 1644 835 27

161 840 336 878 Pretia
362 841 668 890 etpraemia
698 842 1044 887 scientiarum,
1072 852 1190 888 penes
1216 851 1312 890 quos
1380 869 1390 880 .
1444 871 1454 881 .
1505 869 1518 882 .
1572 847 1645 884 100

162 890 329 928 Primo
357 890 436 927 die
463 889 604 927 DEUS
632 891 757 928 lumen
788 894 940 939 creavit,
965 892 1134 930 similiter
1182 917 1517 931 ......
1594 898 1645 935 75

161 940 372 978 Primum
400 941 438 976 in
465 941 650 977 elicienda
677 941 895 979 inventione
913 954 1111 979 causarum
1132 947 1170 978 et
1188 943 1420 979 axiomatum
1450 955 1518 981 ve-

337 1003 464 1027 rorum
491 990 648 1026 lucifera
674 990 937 1040 experimenta
969 991 1192 1042 quaerenda
1219 998 1306 1028 sunt
1376 1019 1386 1029 .
1440 1019 1450 1030 .
1505 1020 1516 1031 .
1594 1017 1646 1024 —

161 1039 474 1089 Principium
504 1040 792 1083 sumenidum
822 1053 845 1077 a
871 1040 982 1079 DEO
1054 1067 1518 1081 ........
1573 1047 1647 1084 102

161 1090 253 1127 Pro
279 1090 392 1139 jure
419 1096 596 1126 nostro
624 1091 755 1140 quidni
782 1092 969 1141 possimus
993 1090 1276 1143 reprehendere
1301 1097 1368 1128 aut
1389 1099 1524 1130 notare
1598 1098 1646 1134 14

161 1139 374 1177 Procius
417 1166 1519 1181 ..................
1573 1148 1645 1185 105

162 1188 441 1227 Processus
466 1188 650 1238 latens,
681 1190 785 1227 notio
861 1217 1521 1232 ...........
1597 1198 1648 1234 30

160 1239 435 1277 Processus
460 1238 957 1279 demonstrationum
987 1239 1308 1292 quadruplex
1379 1268 1391 1280 .
1445 1269 1455 1280 .
1508 1269 1521 1281 .
1596 1248 1647 1284 73

161 1288 472 1338 Progressui
502 1290 840 1327 scientiarum
875 1292 1091 1329 adversa
1118 1317 1522 1331 .......
1597 1300 1648 1334 99

161 1339 472 1389 Progressus
497 1340 831 1378 scientiarum
859 1342 993 1393 quod
1023 1341 1211 1379 attinet
1255 1367 1524 1381 .....
1573 1348 1647 1384 132

162 1399 556 1439 Pronuntiatum

290 1450 471 1499 Aegyptii
537 1477 1521 1493 ................
1597 1459 1647 1495 76

287 1500 481 1537 Aeschinis
544 1528 1521 1543 ................
1575 1509 1647 1546 105

287 1550 390 1587 Celsi
413 1577 1521 1593 ..................
1599 1560 1650 1596 78

285 1599 462 1648 Dionysii
541 1627 1522 1643 ................
1599 1610 1648 1646 76

284 1649 467 1687 Heracliti
541 1676 1201 1692 ...........
1248 1690 1252 1691 ⁷
1254 1677 1523 1693 .....
1600 1661 1650 1695 52

284 1699 490 1738 Phocionis
543 1726 1524 1743 ................
1600 1710 1650 1745 82

285 1749 398 1787 Plinii
480 1775 1523 1793 .................
1577 1760 1650 1795 123

288 1799 506 1837 Salomonis
538 1826 1524 1843 ................
1577 1810 1650 1846 134

289 1849 370 1887 Titi
395 1849 491 1886 Livii
542 1875 1523 1892 ................
1577 1860 1651 1897 106

165 1908 561 1961 Propositiones
588 1923 636 1948 ex
667 1913 789 1951 verbis
815 1918 989 1951 constant
1057 1929 1068 1951 ·.
1123 1939 1523 1955 .......
1599 1920 1651 1958 45

164 1960 525 2011 Proprietates
561 1962 802 2002 occultae
836 1971 875 2002 et
902 1965 1058 2002 virtutes
1083 1962 1287 2014 specificae
1325 1989 1336 2001 .
1387 1990 1397 2001 .
1448 1991 1458 2002 .
1514 1993 1524 2004 .
1601 1973 1652 2008 68

165 2010 485 2060 Protagoras
547 2038 1464 2054 ...............
1516 2019 1577 2056 71.
1602 2023 1651 2058 75

165 2059 572 2100 Pusillanimitas
610 2076 687 2101 non
722 2065 805 2103 sine
832 2064 1052 2114 arrogantia
1089 2069 1128 2101 et
1155 2062 1310 2101 fastidio
1350 2075 1391 2100 se
1416 2064 1529 2104 offert
1602 2072 1651 2109 95

164 2110 488 2162 Pythagoras
561 2139 1522 2154 ................
1600 2122 1652 2157 76

289 2161 408 2211 ejusd.
435 2160 676 2214 philosophia
692 2189 1527 2204 ..............
1603 2172 1654 2208 67

291 2211 550 2261 peregrinatio
573 2239 1137 2252 ..........
1140 2260 1144 2263 ι
1193 2239 1525 2253 ......
1602 2222 1654 2258 77

292 2260 510 2310 superstitio
546 2288 1527 2305 ................
1603 2272 1654 2308 67

167 2309 371 2361 Pyrrho
419 2336 1527 2353 ..................
1602 2321 1655 2359 72

168 2484 474 2545 Qualitates
511 2495 705 2546 primae
741 2496 1087 2535 elementares
1128 2520 1528 2536 .......
1606 2504 1655 2542 68

170 2551 376 2596 Quanto
414 2547 609 2584 celsius
645 2548 915 2587 videbitur
950 2547 1201 2599 talealiquid
1235 2548 1428 2596 invenire,
1455 2563 1526 2601 per

347 2597 450 2648 quod
478 2597 552 2634 alia
580 2600 707 2636 omnia
736 2599 917 2649 expedite
944 2598 1102 2635 inveniri
1128 2598 1274 2648 possint
1326 2626 1338 2637 .
1391 2628 1402 2638 .
1455 2629 1465 2639 .
1516 2629 1529 2641 .
1584 2608 1655 2644 135

172 2650 212 2696 Q
229 2657 383 2686 uantu
399 2660 434 2684 m
459 2648 670 2686 intersit
697 2650 794 2687 inter
815 2649 1009 2686 hominum
1040 2649 1177 2696 vitam,
1202 2649 1240 2685 in
1268 2651 1530 2690 excultissimis

349 2698 532 2747 Europae
555 2699 755 2747 provinciis
781 2706 818 2736 et
840 2700 878 2736 in
908 2699 1125 2748 regionibus
1148 2699 1281 2736 indiae
1307 2713 1429 2738 novae
1456 2730 1465 2739 .
1517 2730 1527 2739 .
1581 2707 1653 2743 134

174 2750 434 2795 Quantum
463 2749 668 2786 intersit
695 2750 792 2786 inter
808 2749 997 2787 humanae
1019 2748 1156 2787 mentis
1180 2749 1283 2787 idola
1308 2758 1347 2788 et
1368 2751 1528 2789 Divinae

350 2798 490 2836 Mentis
517 2798 636 2847 ideas,
661 2799 834 2837 homines
865 2799 984 2836 sciant
1062 2825 1527 2839 ........
1583 2806 1655 2843 129

177 2847 274 2893 Qui
299 2847 520 2887 dehisce
548 2850 740 2887 nostris
765 2849 960 2900 aliquid
986 2855 1215 2886 statuere
1244 2856 1328 2885 aut
1352 2851 1527 2887 existi-

353 2911 486 2936 mare
513 2899 651 2948 velit,
679 2913 735 2938 ne
760 2900 808 2937 id
833 2900 879 2937 in
907 2898 1127 2936 transitu
1158 2905 1205 2935 et
1233 2899 1368 2936 velut
1391 2900 1528 2939 aliud

357 2949 748 2998 agendofacere
771 2962 820 2988 se
847 2961 995 3001 posse
1021 2955 1191 2999 speret
1265 2974 1530 2989 .....
1611 2957 1657 2993 10
