1998 3490
613 262 857 308 INDEX
907 263 1177 308 RERUM.
1548 262 1641 310 151

1520 385 1567 413 Pa
1594 384 1646 414 ina

162 430 418 478 Notiones
445 431 708 481 phantasticae
736 437 774 468 et
803 430 901 467 male
930 429 1154 467 terminatae
1190 457 1518 469 ......
1571 391 1646 473 ἕ46

285 482 478 531 quomodo
505 482 661 530 exstirp.
686 487 723 518 et
758 480 934 518 homines
966 480 1164 517 muniendi
1201 480 1346 518 advers.
1382 492 1460 519 eas,
1509 486 1568 521 51.
1595 488 1645 523 75

162 530 442 568 Notionum
471 538 706 568 tesserae
734 530 851 567 verba
933 556 1518 569 ..........
1595 536 1645 572 45

163 580 317 619 Nulla
347 582 441 619 nisi
471 581 530 619 de
554 580 789 631 scricpto
818 581 1049 618 inventio
1078 581 1347 630 probanda
1384 609 1393 619 .
1446 609 1456 619 .
1510 609 1521 620 .
1575 587 1647 623 109

881 676 935 721 0

165 770 534 819 Occidentales
563 776 800 826 Europae
825 777 1063 814 nationes
1125 807 1443 816 ......
1496 783 1556 819 83.
1586 783 1647 821 84.

163 824 460 914 gfneiunrgunt
487 827 739 864 nonnulla
775 839 874 877 quae
905 827 1120 864 refutantur
1149 856 1157 865 .
1213 858 1220 866 .
1275 857 1283 867 .
1333 833 1437 867 .122.
1462 833 1546 868 126.
1575 835 1649 921 1ἓὲ

166 925 380 964 Omissis
405 934 624 965 naturae
656 927 810 964 atriis
836 927 961 963 aditus
984 928 1188 977 aliquando
1216 930 1264 967 ad
1294 929 1473 966 interiora
1509 958 1519 968 .
1600 935 1647 972 15

165 975 321 1015 Omne
358 990 481 1027 opus
518 985 669 1027 atque
700 976 810 1024 ejus
841 977 972 1013 ratio
1007 990 1055 1014 ex
1086 979 1251 1017 coitione
1287 980 1521 1017 axiomatum

341 1027 573 1064 diversorum
601 1026 805 1063 instituitur
831 1033 869 1064 et
895 1027 1116 1076 designatur
1143 1056 1522 1068 .......
1599 1035 1647 1070 31

166 1075 371 1113 Omnem
396 1078 695 1114 violentiam
724 1078 904 1114 abesse
930 1078 1155 1114 volumus
1206 1107 1521 1118 ......
1599 1083 1651 1120 34

165 1125 344 1164 Omnia
371 1127 422 1163 in
447 1128 686 1165 Victoria
725 1140 900 1165 cursus
935 1128 1064 1165 artis
1106 1140 1263 1180 super
1291 1135 1522 1167 naturam

340 1178 572 1227 ponimus
623 1205 1522 1218 ...............
1576 1185 1647 1220 121

163 1224 347 1264 Omnia
375 1239 465 1277 per
499 1228 817 1266 certissimas
851 1228 1058 1278 regulas
1094 1235 1143 1266 et
1185 1229 1456 1268 demonstr.
1513 1258 1523 1268 .
1576 1236 1649 1271 108

165 1275 339 1314 Omnis
377 1278 582 1316 utilitas
620 1284 668 1315 et
708 1278 935 1316 facultas
968 1280 1221 1329 operandi
1252 1281 1300 1318 in
1341 1280 1521 1317 mediis
1598 1286 1647 1322 71

165 1324 340 1365 Omnis
384 1341 504 1366 vera
554 1329 929 1378 interpretatio
972 1336 1186 1368 naturae
1238 1329 1528 1378 conficitu1r

343 1390 432 1428 per
459 1379 745 1416 instantias
794 1405 1523 1419 ............
1626 1385 1649 1422 5

165 1426 390 1466 Omnium
417 1428 660 1466 malorum
686 1440 837 1466 causa
867 1429 1091 1467 etradix
1123 1456 1523 1470 .......
1600 1434 1651 1472 44

166 1477 336 1527 Opera
365 1479 505 1517 casui
538 1479 791 1517 debentur
817 1479 1277 1529 etexperientiaess
1317 1508 1330 1521 .
1383 1507 1392 1517 .
1451 1509 1460 1518 .
1513 1509 1525 1521 .
1600 1505 1652 1512 ——

166 1527 338 1578 Opera
364 1528 644 1568 sv.ofsicia
683 1529 1086 1567 ministrationis
1112 1530 1171 1568 ad
1196 1543 1329 1570 mem.
1359 1530 1459 1570 tria
1513 1559 1522 1569 .
1601 1537 1651 1572 26

166 1578 338 1628 Opera
365 1580 604 1617 veritatis
631 1580 848 1630 pignora
928 1607 1528 1620 ..........
1579 1587 1652 1624 129

166 1627 454 1678 Operamur
481 1642 569 1680 per
598 1630 763 1667 media
803 1657 1522 1671 ............
1601 1637 1653 1674 27

166 1678 336 1729 Opere
364 1686 591 1718 naturam
620 1680 918 1718 vincendam
996 1707 1263 1721 .....
1269 1690 1273 1691 ’
1317 1709 1329 1721 .
1381 1710 1392 1720 .
1448 1710 1458 1719 .
1513 1710 1523 1720 .
1601 1688 1650 1724 69

166 1728 358 1779 Opinio
388 1731 1006 1782 copiae,inopiaecausa
1065 1758 1522 1771 ........
1604 1739 1653 1774 93

167 1779 451 1867 gpiniones
476 1782 806 1831 magistrales
833 1781 1111 1818 nonnullae
1187 1807 1524 1821 ......
1603 1788 1654 1824 80

255 1831 356 1869 tica
420 1857 1524 1870 ..................
1604 1838 1654 1875 85

167 1843 304 1931 OEus
332 1882 563 1930 rationis,
594 1887 732 1919 natura
760 1883 925 1928 unicum,
954 1880 1032 1919 fine
1061 1886 1099 1918 et
1127 1893 1196 1918 usu
1224 1883 1417 1931 geminum
1447 1910 1458 1921 .
1511 1909 1522 1921 .
1603 1889 1656 1925 27

167 1929 442 1968 Orationis
469 1932 750 1982 exemplum
805 1959 1525 1972 ............
1604 1938 1654 1975 36

167 1980 303 2019 Ordo
333 1981 607 2019 demonstr.
637 1983 789 2031 plane
815 1983 1051 2020 inversus
1080 1988 1126 2019 et
1155 1994 1302 2020 verus
1330 2012 1338 2021 .
1406 1986 1462 2022 18.
1491 1987 1552 2023 88.
1582 1990 1654 2025 108

167 2030 363 2082 Organi
393 2032 685 2070 destinatio
713 2040 760 2071 et
789 2031 1099 2071 distributio
1142 2061 1150 2070 .
1197 2059 1209 2070 .
1263 2060 1273 2070 .
1328 2061 1339 2072 .
1393 2060 1405 2071 .
1452 2061 1464 2072 .
1517 2038 1576 2074 17.
1607 2039 1655 2075 18

167 2081 507 2132 Organisinis
547 2109 1328 2122 .............
1388 2086 1422 2121 5.
1448 2088 1482 2122 6.
1511 2088 1569 2124 16.
1609 2090 1656 2125 18

167 2132 368 2183 Organi
403 2133 647 2171 materies
670 2146 691 2171 e
722 2134 836 2172 rebus
863 2133 954 2184 ipsis
973 2131 1141 2183 petenda
1192 2159 1204 2170 .
1259 2160 1268 2170 .
1322 2161 1333 2171 .
1365 2145 1397 2171 ·.
1450 2160 1461 2172 .
1516 2162 1524 2171 .
1630 2140 1654 2174 6

169 2328 518 2375 Parmenides
554 2361 1528 2375 ................
1607 2341 1656 2377 76

170 2383 290 2424 Pars
321 2386 614 2432 destruens,
654 2397 975 2437 praeparans
1011 2399 1062 2424 SV.
1100 2385 1526 2436 contemplativa,

348 2437 485 2485 triplex
542 2462 1267 2475 ............
1345 2439 1403 2474 19.
1432 2438 1492 2474 24.
1518 2440 1578 2476 27.
1606 2441 1656 2476 28

171 2486 811 2533 Parsint'orman8‚activa
840 2487 1193 2537 sv.operativa
1254 2515 1263 2524 .
1318 2487 1407 2524 ‚24
1434 2490 1493 2525 27.
1521 2486 1581 2526 2'8.
1607 2491 1657 2526 30

172 2537 635 2588 Partustemporis
669 2563 1385 2576 ............
1434 2540 1555 2576 ὂ.83.
1585 2541 1657 2577 128

175 2587 434 2625 Patricius
489 2612 1531 2626 .................
1586 2593 1657 2627 119

173 2637 268 2675 Per
302 2649 476 2674 causas
501 2637 686 2675 scimus
743 2663 1528 2676 .............
1608 2642 1658 2676 27

176 2687 268 2726 Per
293 2688 654 2737 experientiae
683 2688 855 2736 sylvas
885 2687 934 2725 ad
962 2694 1097 2737 aperta
1124 2687 1357 2724 axiomatum
1392 2715 1400 2723 .
1455 2715 1464 2724 .
1518 2714 1530 2725 .
1607 2691 1656 2726 88

173 2737 266 2776 Per
291 2738 614 2776 inductionis
643 2738 857 2775 sormam
884 2738 1167 2788 legitimam
1196 2744 1242 2775 et
1266 2736 1531 2788 propriam

346 2789 493 2827 elicitur
520 2789 673 2826 axioma
742 2814 1521 2827 .............
1606 2790 1656 2825 28

177 2836 270 2874 Per
294 2838 646 2878 inductionem
674 2839 841 2888 logica
864 2851 901 2875 n.
924 2838 1238 2876 universalis
1265 2837 1531 2887 procedit.
1585 2840 1657 2875 131

177 2885 271 2923 Per
297 2887 585 2927 instantias
614 2889 811 2927 conficitur
840 2889 1101 2938 interpretatio
1131 2899 1221 2924 vera
1260 2913 1532 2925 .....
1610 2891 1659 2926 57

179 2936 586 2977 Perinstinctus
615 2939 880 2978 naturales
907 2939 1060 2978 inventa
1087 2938 1280 2975 brutorum
1333 2966 1339 2973 .
1393 2964 1404 2974 .
1457 2964 1467 2974 .
1521 2964 1533 2975 .
1608 2941 1658 2977 78
