2064 3490
602 293 860 340 NOVL‘M
911 294 1294 341 ORGANUM.
1587 296 1687 343 107

195 416 271 464 At
305 416 455 481 quod
496 417 552 463 in
603 417 1028 465 observatione
1072 416 1454 465 indefinitum
1505 424 1557 466 et
1594 435 1685 467 va-

195 513 337 560 gum,
374 497 427 544 id
458 498 514 544 in
541 496 962 543 informatione
993 497 1184 545 fallax
1222 504 1275 546 et
1305 497 1552 545 infidum
1580 504 1684 546 est.

301 576 432 637 Quod
472 578 511 624 si
559 577 632 623 cui
662 577 771 623 haec
815 578 927 623 mira
963 577 1082 623 (lictu
1119 566 1353 624 videantur
1395 584 1440 625 et
1473 578 1685 642 querelae

193 656 340 703 minus
357 657 507 721 justae
535 657 773 720 propiora,
811 673 908 704 cum
936 657 1267 716 Aristoteles,
1304 663 1455 705 tantus
1488 659 1586 722 ipse
1615 658 1686 704 vir

195 741 240 782 et
263 737 376 783 tanti
400 736 520 799 regis
546 737 705 800 opibus
731 736 968 796 subnixus,
1005 743 1095 784 tam
1121 744 1375 784 accuratam
1399 740 1461 787 de
1487 738 1686 787 aninm-

193 815 326 865 lz'bus
355 815 589 863 historiam
626 817 900 877 confecerit,
947 822 1080 881 atque
1121 817 1199 863 alii
1231 819 1464 878 nonnulli,
1512 819 1685 882 majore

194 897 458 962 diligentia,
504 897 613 944 licet
643 897 835 960 strepitu
875 897 1074 956 minore,
1127 898 1268 944 multa
1314 897 1592 961 adjecerint,
1639 904 1685 946 et

193 994 350 1024 rursus
375 978 472 1038 alii,
509 978 572 1025 de
584 976 808 1042 plantis,
847 977 909 1024 de
929 976 1158 1026 metallis
1181 985 1236 1025 et
1248 978 1546 1041 fossilibus,
1584 978 1683 1025 his-

193 1057 334 1104 torias
354 1062 399 1105 et
436 1057 720 1104 narrationes
757 1056 967 1120 copiosas
991 1057 1372 1122 conscripserint3
1408 1059 1446 1105 is
1466 1075 1574 1105 sane
1594 1074 1685 1105 non

192 1137 303 1184 satis
351 1135 583 1184 attendere
631 1142 676 1184 et
723 1137 983 1200 perspicere
1029 1137 1233 1198 videtur,
1288 1138 1393 1202 quid
1436 1144 1598 1201 agatur
1635 1138 1685 1185 in

190 1217 467 1280 praesentia.

296 1307 436 1354 Alia
475 1307 591 1355 enim
618 1314 687 1355 est
712 1306 863 1354 ratio
902 1307 1197 1354 naturalis
1233 1307 1542 1369 historiae,
1569 1324 1684 1372 quae

189 1393 440 1452 propter
476 1404 534 1435 se
564 1387 773 1435 confecta
807 1393 891 1447 est,
927 1388 1043 1434 alia
1080 1388 1195 1452 ejus,
1234 1404 1348 1452 quae
1390 1389 1587 1435 collecta
1615 1393 1685 1436 est

191 1466 256 1514 ad
305 1467 745 1515 informandum
788 1467 1197 1529 intellectum,
1245 1469 1300 1514 in
1333 1467 1565 1529 ordine,
1618 1468 1685 1515 ad

190 1547 545 1596 condendam
583 1547 1039 1612 philosophiam.
1113 1548 1264 1612 Atque
1288 1548 1370 1595 hae
1402 1548 1515 1594 duae
1535 1547 1684 1594 histo-

188 1628 286 1676 riae
307 1633 401 1675 tum
424 1627 526 1675 aliis
550 1628 702 1688 rebus,
729 1633 821 1675 tum
844 1629 1088 1693 praecipue
1114 1630 1159 1675 in
1183 1628 1267 1676 hoc
1291 1628 1527 1688 differunt3
1565 1627 1684 1693 quod

188 1708 336 1773 prima
364 1724 423 1755 ex
453 1707 576 1768 illis,
624 1707 874 1772 specierum
929 1709 1202 1756 naturalium
1249 1707 1536 1769 varietatem,
1592 1725 1683 1756 non

191 1789 354 1836 artium
389 1787 751 1836 mechanicarum
782 1790 1094 1853 experimenta
1131 1790 1376 1837 contineat.
1451 1788 1684 1849 Quemad-

189 1868 369 1916 modum
391 1867 508 1916 enim
541 1868 587 1914 in
621 1868 856 1929 civilibus,
886 1869 1114 1932 ingenium
1148 1870 1365 1933 cujusque
1400 1874 1445 1916 et
1477 1870 1683 1917 occultus

190 1948 327 1995 animi
347 1948 676 2012 affectuumque
708 1965 883 2009 seusus,
920 1950 1080 1997 melius
1113 1949 1318 2009 elicitur,
1365 1966 1466 1997 eum
1503 1949 1601 2013 quis
1634 1949 1683 1995 in

188 2027 529 2093 perturbatione
553 2029 753 2092 ponitur,
793 2045 922 2093 quam
949 2030 1088 2088 alias3
1125 2030 1263 2076 simili
1286 2029 1417 2076 modo
1439 2035 1483 2076 et
1503 2029 1684 2076 occulta

190 2113 397 2169 naturae,
435 2108 577 2171 magis
611 2125 659 2155 se
693 2108 890 2173 produnt
922 2126 1005 2174 per
1037 2110 1301 2158 vexationes
1330 2109 1511 2169 artium,
1550 2125 1684 2173 quam

188 2204 289 2236 cum
312 2205 447 2236 cursu
467 2204 547 2235 suo
567 2194 734 2236 meant.

290 2267 499 2331 Itaque
535 2273 646 2314 tum
684 2267 901 2316 demum
934 2269 1076 2317 hene
1113 2267 1461 2333 sperandum
1496 2274 1584 2316 est
1619 2267 1683 2316 de

191 2347 456 2393 naturali
489 2347 897 2412 philosophia,
944 2355 1248 2413 postquam
1294 2348 1554 2396 historia
1588 2364 1683 2396 na-

190 2424 437 2487 turalis,
472 2443 616 2491 quae
659 2428 782 2492 ejus
820 2428 977 2476 basis
1023 2434 1109 2476 est
1145 2434 1199 2476 et
1229 2428 1681 2491 fundamentum,

190 2505 403 2553 melius
431 2505 735 2555 instructa
766 2508 973 2568 fuerit3
1012 2514 1183 2556 antea
1219 2525 1354 2557 vero
1391 2508 1634 2558 minime.

844 2642 1032 2692 XCIX.

292 2730 446 2797 Atque
465 2733 696 2781 rursusin
735 2734 865 2799 ipsa
901 2735 1433 2801 experimentorum
1463 2735 1681 2784 mecha-

191 2810 455 2859 nicorum
492 2813 684 2877 eopia,
721 2831 933 2863 summa
969 2833 1163 2864 eorum
1209 2832 1352 2881 quae
1397 2815 1461 2862 ad
1503 2814 1682 2862 intel-

193 2891 386 2940 lectus
421 2892 900 2944 informationem
948 2896 1193 2944 maxime
1238 2895 1468 2942 faciunt
1501 2899 1557 2942 et
1589 2894 1682 2959 ju-

197 2975 349 3031 vant,
383 2971 683 3037 detegitur
718 2975 948 3041 inopia:
998 2974 1297 3023 Mechanicus
1322 2973 1458 3035 enim,
1482 2972 1537 3022 (le
1559 2974 1683 3023 veri-
