2064 3490
586 302 845 350 NOVUM
898 304 1278 354 ORGANUM.
1602 310 1666 360 65

292 419 378 468 Est
409 427 454 469 et
495 423 617 470 aliud
663 442 804 488 genus
836 426 1284 490 philosophantium,
1330 430 1406 494 qui
1439 431 1486 478 in
1513 435 1670 497 paucis

189 501 509 563 experimentis
551 503 707 549 sedulo
750 509 795 550 et
841 513 1052 553 accurate
1081 509 1370 557 elaborarunt
1400 516 1534 575 atque
1566 513 1672 563 inde

188 579 498 644 philosophias
526 581 716 630 educere
759 590 804 630 et
824 585 1081 648 confingere
1103 589 1201 634 ausi
1226 596 1357 651 sunt,
1389 591 1566 656 reliqua
1584 594 1672 640 mi-

187 659 249 706 ris
271 660 415 707 modis
434 661 489 707 ad
522 678 575 709 ea
605 662 939 727 detorquentes,

290 738 378 786 Est
396 745 443 787 et
461 742 641 789 tertium
668 760 811 806 genus
837 760 1017 805 eorum,
1052 747 1128 810 qui
1157 747 1430 812 theologiam
1460 756 1506 798 et
1526 752 1673 799 tradi-

185 818 333 866 tiones
357 837 415 866 ex
439 820 527 868 fide
551 829 595 870 et
619 825 906 871 veneratione
927 824 1202 886 immiscent3
1228 828 1349 875 inter
1363 845 1474 893 quos
1499 832 1671 879 vanitas

185 900 530 961 nonnullorum,
568 902 623 948 ad
658 902 873 966 petendas
909 909 954 950 et
985 904 1252 955 derivandas
1286 909 1500 958 scientias
1527 912 1672 975 aspi-

185 979 346 1026 ritibus
376 980 554 1027 scilicet
581 987 627 1028 et
660 982 805 1044 geniis
838 982 1046 1030 deflexit:
1088 986 1154 1032 ita
1189 993 1239 1033 ut
1278 988 1466 1053 stirps
1513 1007 1674 1037 erro-

183 1074 377 1104 rorum
431 1064 487 1106 et
532 1060 916 1126 philosophia
963 1065 1144 1126 falsa,
1185 1083 1351 1130 genere
1381 1069 1549 1132 triplex
1585 1070 1672 1116 sit:

184 1138 534 1203 sophistica,
572 1142 884 1206 empirica,
922 1149 977 1191 et
1013 1147 1468 1209 superstitiosa.

837 1265 1029 1315 LXIII.

281 1353 462 1401 Primi
507 1356 744 1418 generis
801 1360 1125 1423 exemplum
1182 1361 1239 1407 in
1295 1360 1675 1409 Aristotele

182 1435 375 1482 maxime
411 1436 699 1499 conspicuum
725 1443 808 1485 est.
882 1438 922 1498 Q
938 1439 991 1485 ui
1028 1440 1192 1503 philo
1207 1457 1226 1486 s
1241 1457 1265 1486 o
1281 1440 1467 1504 phiam
1506 1448 1602 1488 nat
1619 1458 1674 1487 u-

183 1515 362 1562 ralem
416 1515 742 1562 dialectica
789 1533 892 1563 sua
943 1520 1249 1582 corrupit,
1287 1536 1419 1584 quum
1461 1521 1673 1568 mundum

182 1612 239 1642 ex
284 1596 526 1658 categoriis
571 1597 797 1654 effecerit3
850 1598 1024 1644 animae
1061 1598 1309 1659 humanae,
1361 1599 1672 1647 nobilissimae

151 1667 483 1735 'substantiae,
513 1692 654 1738 genus
693 1692 752 1722 ex
776 1676 960 1723 vocibus
984 1677 1209 1725 secundae
1229 1678 1495 1726 intentionis
1523 1679 1673 1725 tribu-

181 1756 293 1814 erit3
331 1755 559 1819 negotium
592 1755 719 1803 densi
753 1761 798 1803 et
827 1756 946 1817 rari,
981 1773 1063 1821 per
1100 1757 1216 1821 quod
1251 1774 1445 1823 corpora
1479 1758 1673 1805 subeunt

181 1836 376 1898 majores
411 1841 457 1883 et
478 1836 672 1883 minores
698 1835 999 1883 dimensiones
1032 1837 1125 1883 sive
1147 1837 1324 1900 spatia,
1362 1854 1443 1900 per
1461 1837 1673 1899 frigidam

182 1914 514 1962 distinctionem
537 1921 662 1962 aetus
683 1921 726 1962 et
746 1915 974 1978 potentiae
994 1916 1292 1979 transegerit3
1330 1921 1495 1962 motum
1518 1916 1673 1978 singu-

179 1995 238 2041 lis
275 1995 543 2058 corporibus
577 1995 820 2043 unicumet
850 1996 1102 2059 proprium,
1140 2000 1201 2054 et,
1239 1995 1278 2041 si
1312 1994 1589 2058 participent
1615 2011 1674 2041 ex

182 2075 272 2120 alia
292 2080 432 2134 motu,
464 2074 509 2121 id
534 2074 715 2121 aliunde
737 2075 924 2135 moveri,
949 2074 1211 2134 asseruerit,
1238 2081 1283 2121 et
1302 2075 1540 2121 innumera
1563 2074 1673 2134 alia,

181 2170 263 2218 pro
284 2154 472 2201 arbitrio
492 2171 592 2215 suo,
631 2160 817 2202 naturae
838 2171 988 2202 rerum
1008 2154 1300 2218 imposuerit:
1339 2154 1484 2216 magis
1507 2154 1674 2217 ubique

179 2234 426 2294 sollicitus,
458 2234 684 2298 ,quomodo
721 2235 819 2298 quis
857 2233 1170 2298 respondendo
1202 2250 1251 2281 se
1286 2234 1489 2297 explicet
1522 2238 1567 2280 et
1590 2233 1676 2280 ali-

181 2314 287 2376 quid
307 2313 523 2361 reddatur
544 2314 592 2360 in
617 2314 765 2361 verbis
790 2314 1048 2377 positivum,
1086 2329 1216 2377 quam
1240 2313 1295 2360 de
1322 2313 1502 2360 interna
1525 2330 1676 2361 rerum

182 2394 384 2442 veritate.
457 2392 588 2452 Quod
611 2393 743 2440 etiam
768 2394 934 2457 optime
954 2411 1002 2441 se
1024 2392 1237 2453 ostendit,
1268 2393 1313 2439 in
1336 2393 1676 2457 comparatione

182 2472 494 2536 philosophiae
515 2472 630 2535 ejus,
663 2472 716 2518 ad
742 2473 855 2520 alias
878 2473 1207 2537 philosophias,
1239 2470 1352 2535 (με
1378 2473 1494 2536 apud
1522 2471 1676 2520 Grae-

183 2568 260 2599 cos
294 2551 656 2599 celebrabantur.
726 2552 910 2600 Habent
941 2553 1058 2600 enim
1108 2551 1502 2599 homoiomera
1536 2552 1675 2602 Ana—

183 2648 452 2693 xagorae,
498 2632 672 2678 atomi
703 2632 958 2699 Leucippi
987 2641 1042 2681 et
1075 2632 1396 2693 Democriti,
1445 2633 1675 2686 coelum

183 2719 240 2758 et
288 2718 449 2759 terra
495 2711 853 2772 Parmenides,
894 2713 970 2759 lis
1018 2718 1074 2760 et
1118 2711 1387 2758 amicitia
1423 2711 1674 2777 Empedo-

183 2791 304 2851 clis,
362 2791 654 2839 resolutio
703 2807 1003 2853 corporum
1044 2792 1091 2837 in
1128 2789 1421 2854 adiaphoram
1470 2797 1676 2837 naturam

183 2870 301 2933 ignis
336 2876 390 2918 et
436 2870 765 2934 replicatio
803 2869 1043 2917 eorundem
1081 2870 1138 2916 ad
1173 2869 1359 2916 densum
1390 2868 1674 2930 Heracliti,

183 2949 354 3012 aliquid
379 2967 438 2998 ex
459 2948 732 3014 philosopho
756 2948 972 3010 naturali,
999 2955 1042 2996 et
1065 2965 1214 2996 rerum
1237 2955 1443 2995 naturam
1466 2954 1511 2996 et
1533 2963 1678 3014 expe-

239 3025 656 3061 VERULAM.ORG.
1423 3025 1449 3065 5
