2064 3490
463 270 803 311 DELINEATIO
837 283 884 310 ΕΤ
914 270 1329 310 ΑΒΕῙΣΜΕΝΤΕΜ.
1599 266 1659 311 25

178 386 245 434 rei
271 385 544 433 manifestat.
617 384 915 444 Secundo,
953 382 1172 448 quomodo
1210 399 1292 443 ea,
1335 399 1447 446 quae
1482 398 1657 431 sensum

180 465 414 529 effugiunt,
442 471 517 512 aut
542 464 790 511 subtilitate
806 463 944 510 totius
960 463 1182 528 corporis,
1198 469 1274 510 aut
1292 462 1485 527 partium
1512 463 1660 509 minu-

178 545 271 605 tiis,
287 551 364 592 aut
384 545 473 591 loei
499 543 726 602 distantia,
742 549 818 590 aut
840 543 1052 590 tarditate
1070 544 1137 590 vel
1154 544 1286 590 etiam
1308 542 1543 590 velocitate
1562 559 1661 589 mo-

180 630 268 685 1113,
283 630 358 671 aut
370 623 676 670 familiaritate
689 623 872 688 objecti,
887 629 962 669 aut
976 623 1165 684 alias,in
1183 622 1382 669 ordinem
1403 639 1562 669 sensus
1584 639 1661 670 re-

181 702 391 766 digantur
405 708 537 767 atque
551 703 832 767 ejusjudicio
851 704 1084 764 sistantur,
1099 719 1151 750 ae
1164 703 1349 766 insuper
1368 702 1413 748 111
1435 718 1559 763 casu,
1575 719 1661 766 quo

181 781 343 830 adduci
362 800 449 829 non
476 788 680 847 possunt,
720 783 823 847 quid
848 783 1120 843 faciendum,
1159 788 1291 846 atque
1313 782 1533 845 quomodo
1556 781 1662 829 huic

181 860 492 923 destitutioni,
527 863 596 909 vel
620 879 702 926 per
722 863 1036 923 instrumenta,
1074 863 1146 910 vel
1170 878 1251 926 per
1268 861 1483 925 graduum
1504 862 1663 908 obser-

182 942 405 989 vationem
452 943 670 1006 peritam,
718 942 789 990 vel
821 958 903 1005 per
945 958 1183 1005 corporum
1220 942 1664 1005 proportionatorum

182 1037 240 1069 ex
258 1022 547 1069 sensibilibus
571 1021 626 1068 ad
659 1022 943 1069 insensibilia
972 1021 1301 1082 indicationes,
1347 1022 1418 1068 rel
1446 1037 1528 1085 per
1549 1020 1664 1067 alias

182 1100 278 1148 vias
309 1117 363 1148 ae
400 1102 771 1163 substitutiones,
830 1103 887 1150 sit
920 1101 1289 1149 subveniendum.
1359 1099 1663 1147 Postremo

182 1181 285 1230 loco
306 1181 360 1230 de
390 1182 580 1229 historia
611 1182 808 1229 naturali
837 1187 882 1229 et
905 1181 958 1228 de
992 1181 1120 1229 modo
1160 1181 1505 1246 experimentali
1538 1179 1667 1227 diee-

184 1279 298 1323 mus,
323 1263 469 1327 qualis
491 1263 550 1309 sit
571 1279 625 1310 ea
646 1262 835 1309 historia
856 1262 1094 1321 naturaliS,
1121 1278 1233 1326 quae
1256 1260 1309 1307 ad
1333 1260 1667 1325 philosophiam

185 1342 461 1390 condendam
486 1342 694 1390 sufficere
717 1342 886 1406 possit,
925 1348 969 1389 et
990 1358 1171 1401 rursus,
1208 1341 1353 1405 qualis
1378 1340 1668 1404 experimen-

186 1423 298 1470 tatio
330 1423 566 1471 deficiente
600 1422 791 1469 historia
819 1422 1079 1470 necessario
1118 1422 1177 1469 sit
1203 1420 1519 1485 suscipienda3
1590 1421 1668 1467 ubi

187 1502 323 1549 etiam
363 1503 578 1566 quaedam
613 1502 666 1548 de
694 1502 981 1565 provocanda
1015 1508 1059 1549 et
1092 1501 1271 1565 figenda
1301 1500 1549 1548 attentione
1583 1498 1668 1546 ad-

186 1582 488 1629 miscebimus.
559 1581 712 1628 Multa
733 1582 852 1628 enim
875 1583 919 1628 in
943 1582 1132 1628 historia
1156 1582 1352 1628 naturali
1371 1586 1503 1644 atque
1525 1596 1669 1644 expe-

186 1661 409 1722 rimentis,
426 1661 587 1708 notitia
614 1661 714 1725 ipsa
736 1661 892 1709 adesse
909 1661 1196 1726 jampridem,
1221 1678 1302 1725 usu
1327 1662 1483 1707 abesse
1505 1660 1670 1719 solent,

186 1746 374 1806 propter
393 1742 475 1788 vim
506 1741 643 1787 animi
668 1741 1039 1805 apprehensivam
1060 1742 1241 1789 minime
1266 1741 1526 1788 excitatam.
1562 1738 1633 1786 Hi
1649 1756 1670 1786 3

187 1822 385 1869 tribus
420 1821 787 1868 ministratio
825 1822 890 1868 ad
928 1839 1154 1869 sensum
1192 1821 1541 1868 absolvitur.
1575 1819 1671 1866 Aut

190 1902 309 1950 enim
339 1902 491 1949 sensui
527 1903 773 1949 materia
816 1904 1085 1967 praebetur,
1131 1908 1208 1948 aut
1249 1902 1308 1966 ju
1325 1905 1669 1957 vamentum3

190 1981 399 2029 nimirum
423 1983 494 2028 vel
518 1982 593 2028 uhi
624 1981 805 2043 deficit,
846 1984 916 2029 vel
951 1983 1026 2029 ubi
1054 1982 1267 2029 declinat.
1338 1980 1564 2028 Materiae
1596 1979 1672 2026 hi-

190 2061 333 2109 storia
356 2067 401 2109 et
420 2062 755 2126 experimenta,
794 2062 988 2110 defectui
1013 2078 1168 2109 sensus
1190 2061 1551 2121 substitutiones,
1590 2059 1672 2107 de-

190 2143 424 2190 clinationi
444 2142 793 2190 rectificatioues
819 2142 1053 2190 debentur.

293 2220 845 2270 MINISTRATIO
883 2223 981 2270 AD
1016 2220 1458 2270 MEMORIAM
1493 2220 1579 2268 hoe
1601 2220 1674 2268 of-

191 2301 340 2350 ficium
361 2307 584 2366 praestat:
620 2309 669 2349 ut
700 2318 757 2349 ex
779 2303 909 2348 turba
932 2320 1078 2350 rerum
1107 2302 1448 2367 particularium
1474 2308 1518 2349 et
1540 2308 1675 2348 natu-

191 2382 302 2428 ralis
333 2382 549 2429 historiae
571 2382 798 2445 generalis
833 2399 1019 2442 acervo,
1054 2382 1345 2446 particularis
1369 2384 1559 2431 historia
1589 2401 1675 2432 ex-

192 2465 430 2524 cerpatur,
468 2467 599 2525 atque
617 2461 883 2526 disponatur
910 2478 962 2509 eo
984 2462 1167 2523 ordine,
1205 2469 1253 2509 ut
1269 2462 1487 2526 judicium
1508 2465 1555 2511 111
1577 2481 1673 2511 eam

193 2556 354 2604 agere,
392 2546 436 2588 et
456 2558 566 2605 opus
588 2557 714 2588 suum
738 2558 953 2590 exercere
972 2543 1131 2607 possit.
1201 2541 1385 2590 Etenim
1406 2544 1522 2592 vires
1548 2562 1676 2592 men-

195 2619 254 2666 tis
273 2619 423 2666 sobrie
444 2621 764 2682 aestimandae,
802 2639 945 2687 neque
971 2622 1259 2688 sperandum,
1298 2629 1345 2670 ut
1362 2640 1441 2671 eae
1461 2624 1505 2669 in
1528 2640 1677 2671 rerum

196 2697 418 2746 infinitate
441 2699 694 2748 discurrere
714 2703 905 2766 possint.
950 2703 1246 2751 Manifestum
1271 2710 1417 2751 autem
1443 2710 1536 2764 est,
1570 2719 1676 2750 me-

196 2779 459 2841 moriam,
495 2786 588 2828 tum
608 2781 653 2828 in
678 2798 826 2829 rerum
851 2783 1136 2831 multitudine
1161 2782 1578 2848 comprehendenda
1603 2782 1678 2827 in-

195 2875 406 2923 capacem
433 2866 478 2908 et
501 2860 874 2926 incompetentem
889 2897 904 2924 ,
942 2869 1035 2911 tum
1059 2864 1106 2910 in
1131 2880 1278 2911 rerum
1314 2862 1516 2921 delectu,
1565 2877 1678 2925 quae

196 2937 251 2985 ad
279 2939 614 3004 inquisitionem
657 2941 850 3006 aliquam
886 2931 1112 2991 delinitam
1152 2942 1320 2989 saciant
1336 2974 1351 3000 ‚
1395 2940 1677 3006 suggerendo
