2064 3490
836 1011 924 1082 L.
1005 1011 1080 1083 S.

213 1321 342 1395 Hoc
380 1363 492 1409 opus
520 1347 960 1394 VERULAMII
994 1346 1237 1393 destruens
1282 1348 1618 1410 philolog-isque
1662 1357 1707 1396 et

211 1460 365 1492 eorum
401 1446 546 1491 falsae
577 1445 890 1506 philosophiae
917 1449 1054 1503 atque
1090 1446 1204 1489 mori
1247 1447 1484 1491 ambitioso
1520 1452 1566 1491 et
1597 1462 1705 1507 pro-

211 1543 407 1588 fessorio
438 1542 803 1602 inimicissimum,
833 1556 916 1600 per
939 1541 1175 1586 duodecim
1197 1556 1342 1587 annos
1363 1557 1531 1589 summo
1556 1546 1705 1589 studio

131 1664 134 1666 >
211 1652 267 1684 ae
306 1639 463 1683 labore
495 1639 824 1698 elucubratum,
881 1638 975 1683 ΝΟ
992 1638 1148 1683 VUM
1193 1639 1292 1694 ejus
1340 1637 1594 1684 ORGAN
1606 1641 1706 1687 ΗΜ

209 1734 312 1782 'sive
356 1733 631 1780 INDICIA
676 1735 863 1780 VERA
909 1735 999 1779 DE
1035 1716 1705 1783 INTERPRETATIONE

213 1832 571 1877 NATURAE
605 1833 977 1888 [Instaurationis
998 1833 1200 1892 Magnae
1223 1832 1342 1875 Pars
1364 1831 1605 1889 Secunda]
1634 1837 1705 1879 cui

211 1934 258 1974 et
289 1930 389 1988 ipse
424 1928 686 1973 MAGUS
722 1927 1254 1973 ALBIONENSIS
1290 1929 1411 1973 inter
1448 1943 1588 1988 opera
1622 1945 1705 1975 sua

211 2028 379 2086 primas
402 2026 571 2086 tribuit,
607 2025 856 2069 tabularum
881 2038 940 2068 ex
971 2025 1162 2069 materia
1191 2026 1311 2069 bona
1341 2029 1387 2070 et
1420 2027 1568 2071 solida
1593 2041 1704 2072 con-

211 2123 428 2167 fectarum
447 2123 606 2182 instar,
628 2135 711 2180 per
732 2122 892 2165 fluctus
917 2135 1004 2165 non
1021 2125 1111 2165 tam
1132 2125 1379 2180 temporum
1408 2136 1538 2180 quam
1561 2124 1703 2168 libro-

211 2233 307 2263 rum
337 2223 676 2278 conservatum,
726 2217 924 2262 editione
960 2231 1082 2262 nova
1117 2222 1163 2262 et
1195 2219 1525 2276 antiquioribus
1565 2233 1702 2279 prae-

210 2317 419 2360 stantiori
440 2315 687 2375 adornata,
725 2327 750 2358 e
773 2314 977 2357 tenebris
1008 2314 1141 2370 hujus
1162 2316 1334 2358 saeculi
1357 2316 1404 2358 in
1427 2316 1571 2360 lucem
1591 2331 1702 2374 pro-

213 2412 395 2457 trahere
415 2412 559 2456 voluit
585 2411 693 2467 Janj
718 2408 941 2454 Geranus.
1012 2408 1327 2469 Compluribus
1363 2412 1505 2472 igitur
1536 2412 1704 2456 editio-

211 2507 344 2552 nibus
378 2507 648 2567 comparatis
694 2506 871 2565 [prima
911 2521 976 2551 sc.
1016 2508 1169 2568 Lugd.
1206 2509 1369 2552 Batav.
1415 2522 1475 2552 ex
1521 2507 1703 2552 officina

213 2603 511 2663 Wijngaerdi
539 2607 585 2647 et
617 2601 839 2663 MoJardi7
886 2601 1008 2648 1645.
1046 2605 1110 2648 12.
1147 2608 1283 2662 atque
1315 2604 1387 2648 ed.
1422 2605 1702 2649 Amstelaed.

212 2700 520 2761 Ravesteinii‚
558 2701 680 2744 1660.
719 2700 785 2744 12.
820 2711 1014 2744 necnon
1049 2699 1120 2744 ed.
1151 2701 1225 2744 Fr.
1254 2701 1428 2745 Baooni
1466 2699 1551 2759 Op.
1582 2715 1700 2745 omn.

214 2796 400 2839 Franks.
425 2810 466 2840 a.
488 2798 550 2840 M.
574 2796 789 2854 impensis
811 2795 1180 2840 Schoenwetteri
1210 2798 1482 2856 bibliopolae
1516 2799 1697 2857 ibidem,

213 2892 336 2950 typis
357 2893 516 2936 Matth.
538 2892 785 2951 Kempfferi
809 2893 931 2937 1665.
967 2892 1045 2935 fol.
1079 2894 1243 2937 collata
1279 2898 1324 2937 et
1360 2894 1438 2937 illa
1467 2895 1699 2938 lVettste-

215 2986 350 3030 niana
384 2989 662 3034 Amstelaed.
696 2987 818 3034 1694.
856 2990 923 3034 12.
959 2989 1206 3033 novissima
1237 2987 1420 3032 tandem
1448 2986 1698 3033 Oxoniensi
