1947 3456
285 278 351 326 84
832 281 1257 326 VERULAMH

285 400 681 466 philosophia
717 401 997 448 minimam
1040 408 1262 466 partem
1311 401 1590 449 humanae
1621 419 1753 466 opc-

286 496 388 526 rae
439 479 654 526 sortita
698 479 792 525 sit.
862 481 1012 542 Atque
1059 480 1170 528 hacc
1219 482 1315 544 ipsa
1349 480 1637 526 nihilominus
1670 497 1752 543 pro

287 574 448 620 magna
481 557 767 603 scientiarum
796 563 935 605 matre
960 557 1115 604 haberi
1145 559 1290 606 debet.
1364 557 1576 605 Omnes
1609 559 1755 605 enim

287 641 447 683 artes
492 640 547 681 et
597 635 917 696 scientiae,
964 637 1029 682 ab
1076 637 1181 684 hac
1228 637 1416 701 stirpe
1461 637 1754 695 revulsae,

279 715 515 778 'poliuntur
535 713 725 761 fortasse
748 720 793 761 et
814 715 861 761 in
886 732 1010 762 usum
1035 715 1324 778 effinguntur,
1350 715 1428 762 sed
1453 716 1536 762 nil
1571 716 1689 762 adm
1702 733 1756 763 o-

286 792 413 838 dum
451 798 747 839 crescunt.

390 870 455 917 At
486 870 767 917 manifestum
798 876 881 930 est,
918 877 1150 934 postquam
1173 872 1418 919 christiana
1445 872 1554 919 fides
1576 877 1757 935 recepta

290 949 449 995 fuisset
485 954 529 995 et
560 948 843 1004 adolevisset,
885 949 1019 1011 longe
1038 951 1274 996 maximam
1305 951 1584 1013 ingeniorum
1622 967 1758 1014 prae-

287 1028 660 1074 stantissimorum
686 1033 857 1090 partem
879 1027 933 1073 ad
958 1028 1227 1090 theologiam
1260 1046 1307 1075 se
1333 1030 1594 1089 contulisse,
1626 1035 1757 1092 atqne

286 1108 389 1153 huic
411 1106 477 1152 rei
504 1111 548 1152 et.
570 1106 841 1168 amplissima
865 1106 1064 1168 praemia
1093 1107 1323 1169 proposita
1348 1115 1392 1154 et
1414 1108 1556 1154 omnis
1579 1108 1756 1170 generis

286 1184 542 1248 adjumenta
579 1183 886 1247 copiosissime
932 1185 1266 1232 subministrata
1284 1170 1459 1232 'suissez
1506 1191 1636 1248 atque
1675 1185 1758 1231 hoc

285 1263 539 1325 theologiae
575 1261 797 1322 studium,
842 1264 1083 1328 praecipue
1123 1277 1366 1327 occupasse
1412 1264 1589 1311 tertiam
1633 1263 1757 1308 illam

285 1348 457 1406 partem
483 1342 576 1388 sive
598 1340 828 1403 periodum
857 1343 1069 1405 temporis
1095 1342 1209 1406 apud
1245 1360 1323 1389 nos
1346 1341 1610 1405 Europaeos
1633 1342 1758 1388 occi-

286 1421 517 1477 dentales3
557 1435 609 1465 eo
630 1419 790 1481 inagis,
828 1420 943 1482 quod
966 1422 1046 1467 sub
1073 1421 1188 1467 idem
1225 1422 1318 1468 sere
1338 1428 1511 1485 tempus
1533 1426 1577 1467 ct
1599 1421 1757 1467 literae

286 1500 447 1546 ssorere
484 1502 528 1545 et
562 1499 891 1546 controversiae
928 1499 1050 1545 circa
1092 1499 1355 1562 religionem
1397 1499 1620 1563 pullulare
1650 1515 1758 1546 coe-

286 1577 451 1641 perint.

388 1655 454 1702 At
504 1669 613 1700 aevo
660 1654 909 1716 superiori,
959 1654 1146 1701 durante
1192 1654 1376 1718 periodo
1425 1655 1506 1701 illa
1545 1654 1756 1714 secunda,

288 1732 405 1796 apud
440 1732 696 1790 RomanOS,
753 1733 1010 1794 potissimae
1046 1734 1413 1797 philosophorum
1449 1733 1759 1779 meditationes

288 1819 332 1858 et
365 1809 610 1856 industriae
648 1810 693 1854 in
730 1812 890 1857 morali
925 1812 1238 1875 philosophia,
1288 1828 1399 1875 quae
1435 1811 1624 1858 ethnicis
1661 1811 1758 1857 vice

289 1888 543 1951 theologiae
566 1894 678 1948 erat,
704 1896 947 1953 occupatae
968 1897 1012 1937 et
1041 1897 1328 1954 consumptae
1356 1891 1550 1937 fuerunt.
1605 1888 1758 1935 Etiam

289 1983 459 2014 summa
482 1966 679 2028 ingenia,
700 1967 792 2013 illis
814 1970 1088 2032 temporibus
1110 1975 1158 2015 ut
1182 1970 1418 2033 plurimum
1441 1968 1581 2015 adres
1604 1968 1759 2013 civiles

289 2061 337 2093 se
372 2044 710 2107 applicuerunt,
747 2052 932 2109 propter
964 2049 1308 2110 magnitudinem
1343 2047 1520 2110 imperii
1545 2046 1758 2106 Romani,

292 2123 407 2186 quod
427 2122 717 2185 plurimorum
743 2123 965 2171 hominum
992 2142 1128 2188 opera
1160 2126 1406 2188 indigebat.

394 2202 456 2247 At
483 2201 563 2245 illa
585 2205 724 2261 aetas,
760 2220 844 2266 qua
890 2204 1179 2251 naturalis
1223 2203 1606 2267 philosophia
1642 2201 1760 2265 apud

295 2278 496 2326 Graecos
527 2278 719 2326 maxime
756 2282 915 2329 florere
952 2283 1046 2329 visa
1071 2288 1154 2342 est,
1193 2282 1414 2346 particula
1437 2283 1522 2330 fuit
1547 2281 1761 2345 temporis

294 2362 472 2408 minime
495 2360 720 2419 diuturna,
759 2376 858 2406 cum
882 2367 926 2408 et
949 2362 1274 2425 antiquioribus
1300 2363 1601 2425 temporibus,
1638 2376 1763 2423 sep-

295 2446 403 2486 tem
438 2440 525 2499 illi,
562 2439 637 2502 qui
666 2439 963 2501 sapientes
1000 2440 1357 2500 nominabantur,
1390 2456 1558 2500 omnes,
1584 2444 1763 2503 praeter

306 2518 580 2576 Thaletem,
617 2516 673 2563 ad
703 2517 913 2564 moralem
936 2519 1264 2581 philosophiam
1295 2525 1339 2565 et
1365 2519 1517 2566 civilia
1541 2534 1589 2564 se
1612 2515 1762 2579 appli-

295 2595 485 2654 cuerint,
523 2602 567 2641 ct
588 2596 910 2657 posterioribus
932 2598 1223 2660 temporibus,
1253 2603 1483 2659 postquam
1516 2597 1760 2643 Socrates

298 2672 625 2737 philosophiam
647 2672 699 2719 de
724 2675 849 2720 coelo
878 2675 922 2719 in
946 2680 1088 2721 terras
1125 2675 1409 2733 deduxisset,
1444 2673 1587 2719 adhuc
1618 2671 1760 2733 inagis

298 2750 534 2798 invaluerit
553 2750 734 2799 moralis
761 2751 1044 2815 philosophia
1063 2758 1106 2799 et
1126 2753 1305 2815 ingenia
1326 2751 1549 2798 hominum
1580 2765 1606 2794 a
1628 2754 1761 2794 natu-

298 2831 382 2876 rali
418 2828 645 2876 averterit.

398 2910 460 2956 At
484 2908 707 2972 ipsissima
732 2907 811 2953 illa
833 2907 1041 2971 periodus
1063 2907 1291 2970 temporis,
1320 2906 1365 2951 in
1391 2922 1476 2968 qua
1502 2904 1758 2968 inquisitio-
