2064 3490
596 283 854 329 NOVUM
891 282 1259 330 ORGANUM.
1599 278 1666 326 79

296 405 616 467 Quocirca,
656 402 1118 469 quemadmodum
1154 403 1210 449 in
1244 403 1540 467 religione
1576 421 1667 453 ca·

189 489 387 545 vetur,
443 490 503 532 ut
548 481 787 530 FIDES
844 480 950 528 EX
1007 480 1410 530 OPERIBUS
1468 482 1667 532 MON-

190 561 588 622 STRETUR,
633 561 781 609 idem
812 560 988 608 etiam
1018 559 1082 607 ad
1111 560 1540 625 philosophiam
1573 579 1670 627 op-

188 641 324 690 time
358 641 708 701 traducitur,
745 646 803 688 ut
837 638 940 687 EX
975 639 1422 689 FRUCTIBUS
1461 640 1668 691 JUDI-

191 718 482 781 CETUR,
520 725 574 767 et
611 736 754 767 vana
790 720 1078 766 habeatur
1112 735 1254 782 quae
1291 720 1529 768 sterilis
1564 721 1667 784 sit3

187 798 360 863 idque
398 816 462 847 eo
499 799 698 862 magis,
737 799 787 845 si
822 799 950 846 loco
988 798 1282 845 fructuum
1318 798 1528 847 UVAE
1565 799 1667 848 ET

189 873 502 925 OLIVAE¹
551 877 843 942 producat
901 877 1373 940 disputationum
1430 884 1486 926 et
1536 896 1668 927 con-

187 957 515 1005 tentionum
553 954 927 1004 CARDUOS
963 954 1066 1002 ET
1102 955 1412 1005 SPINAS.

807 1091 1045 1139 LXXIV.

290 1180 523 1248 Capienda
556 1183 690 1231 etiam
734 1188 837 1230 sunt
881 1180 1123 1231 SIGNA
1168 1199 1234 1231 ex
1280 1183 1669 1232 incrementis

187 1267 241 1310 et
278 1262 699 1326 progressibus
736 1262 1251 1326 pbilosophiarum
1288 1268 1345 1310 et
1381 1263 1671 1310 scientia-

185 1358 319 1389 rum.
393 1342 521 1402 Quae
547 1343 665 1390 enim
694 1343 750 1388 in
787 1347 998 1388 natura
1033 1341 1218 1389 fundata
1242 1347 1362 1402 sunt,
1400 1347 1672 1389 crescunt

186 1426 242 1469 et
277 1427 588 1484 augentur3
619 1438 731 1486 quae
754 1426 900 1469 autem
923 1421 978 1468 in
1012 1421 1312 1486 opinione,
1345 1421 1667 1482 variantur,

185 1516 296 1547 non
331 1505 641 1564 augentur.

287 1579 464 1644 Itaque,
501 1580 540 1627 si
563 1580 676 1626 istae
701 1578 932 1626 doctrinae
966 1579 1099 1643 plane
1126 1579 1269 1628 instar
1294 1581 1476 1644 plantae
1508 1597 1534 1627 a
1556 1580 1668 1627 stir-

185 1658 318 1723 pibus
340 1659 433 1706 suis
467 1659 674 1706 revulsae
696 1675 784 1705 non
810 1664 976 1720 essent,
1012 1659 1090 1706 sed
1125 1665 1261 1707 utero
1286 1665 1473 1707 naturae
1496 1659 1667 1707 adbae-

184 1743 338 1787 rerent
369 1743 501 1802 atque
533 1738 588 1784 ab
622 1737 776 1785 eadem
809 1739 1063 1798 alerentur3
1110 1739 1157 1785 id
1191 1739 1372 1786 minime
1406 1744 1667 1787 eventurum

184 1817 373 1878 fuisset,
412 1816 528 1881 quod
565 1833 666 1881 per
702 1832 883 1864 annos
920 1817 1007 1865 bis
1044 1818 1208 1866 mille
1241 1819 1336 1882 jam
1372 1817 1473 1866 fieri
1510 1818 1599 1865 vid
1616 1835 1668 1866 e-

183 1912 317 1957 muS,
354 1912 540 1961 nempe:
578 1901 635 1943 ut
671 1896 968 1944 scientiae
1011 1897 1105 1944 suis
1141 1897 1425 1945 haereant
1462 1897 1665 1960 vestigiis

184 1981 230 2023 et
256 1976 302 2022 in
350 1975 505 2023 eodem
555 1976 650 2023 fere
685 1979 803 2023 statu
846 1982 1151 2037 maneant,
1198 1993 1343 2041 neque
1377 1981 1664 2040 augmentum

184 2054 365 2120 aliquod
386 2056 677 2103 memorabile
688 2055 951 2113 sumserint3
977 2055 1083 2118 quin
1106 2055 1315 2118 potiusin
1337 2056 1482 2120 primo
1506 2061 1663 2104 autore

182 2135 376 2183 maxime
402 2135 637 2183 floruerint
662 2139 706 2182 et
727 2133 939 2198 deinceps
977 2133 1003 2180 d
1017 2150 1040 2181 e
1053 2150 1077 2181 c
1090 2134 1108 2180 l
1121 2134 1136 2179 i
1148 2151 1176 2180 n
1189 2150 1215 2180 a
1229 2151 1285 2181 ve
1300 2135 1387 2180 rin
1402 2141 1435 2182 t.

286 2214 341 2261 In
387 2214 619 2261 artibus
667 2219 813 2260 autem
849 2213 1121 2260 mechanicis
1136 2248 1152 2274 ,
1201 2229 1313 2278 quae
1345 2214 1391 2260 in
1424 2218 1584 2260 natura
1618 2218 1663 2261 et

184 2293 494 2358 experientiae
528 2293 630 2340 luce
660 2291 871 2339 fundatae
904 2297 1007 2339 sunt
1018 2327 1034 2353 ,
1083 2297 1240 2340 contra
1286 2292 1464 2339 evenire
1509 2292 1555 2338 vi
1571 2291 1597 2338 d
1610 2309 1663 2338 e-

183 2389 226 2418 m
241 2389 325 2430 us3
364 2388 494 2436 quae,
527 2371 735 2435 quamdiu
762 2372 958 2435 placent,
993 2371 1131 2418 veluti
1162 2371 1327 2436 spiritu
1361 2369 1549 2434 quodam
1586 2387 1664 2418 re-

182 2452 331 2516 pletae
344 2484 360 2511 ,
425 2450 638 2497 continuo
702 2466 839 2514 vege
852 2455 870 2497 t
884 2465 910 2496 a
924 2456 981 2497 nt
1039 2456 1093 2498 et
1155 2467 1356 2498 crescu
1369 2467 1394 2496 n
1411 2456 1453 2508 t3
1520 2450 1664 2514 primo

182 2531 374 2590 rudes,
399 2529 559 2578 deinde
588 2529 929 2591 commodae,
952 2535 1111 2594 postea
1134 2531 1426 2591 excultae,
1453 2535 1510 2577 et
1541 2546 1665 2594 per-

170 2615 362 2674 ·petuo
399 2614 623 2659 auctae.

816 2685 1027 2734 LXXV.

282 2776 435 2825 Etiam
469 2778 591 2825 aliud
647 2776 957 2826 SIGNUM
1012 2776 1278 2841 capiendum
1320 2783 1388 2826 est
1433 2778 1489 2838 [si
1534 2776 1663 2823 modo

181 2854 405 2906 SIGNI
440 2859 686 2923 appellatio
723 2857 830 2903 huic
873 2863 1124 2919 competat,
1183 2873 1283 2903 cum
1339 2856 1488 2919 potius
1535 2854 1579 2902 T
1596 2854 1666 2902 E·-

179 2933 217 2983 S
233 2934 277 2983 T
294 2934 651 2986 IMONIUM
686 2936 763 2999 sit,
795 2942 927 3000 atque
950 2935 1061 2982 adeo
1090 2934 1445 2982 testimoniorum
1470 2934 1665 2982 omnium
