<?xml version="1.0" encoding="UTF-8"?>
<!DOCTYPE html PUBLIC "-//W3C//DTD XHTML 1.0 Transitional//EN"
    "http://www.w3.org/TR/xhtml1/DTD/xhtml1-transitional.dtd">
<html xmlns="http://www.w3.org/1999/xhtml" xml:lang="en" lang="en">
 <head>
  <title>
</title>
<meta http-equiv="Content-Type" content="text/html;charset=utf-8" />
  <meta name='ocr-system' content='tesseract 3.04.00' />
  <meta name='ocr-capabilities' content='ocr_page ocr_carea ocr_par ocr_line ocrx_word'/>
</head>
<body>
  <div class='ocr_page' id='page_1' title='image "./franciscibaconid01baco/franciscibaconid01baco_0056.png"; bbox 0 0 1947 3456; ppageno 0'>
   <div class='ocr_carea' id='block_1_1' title="bbox 339 284 1275 451">
    <p class='ocr_par' dir='ltr' id='par_1_1' title="bbox 339 284 1275 451">
     <span class='ocr_line' id='line_1_1' title="bbox 339 284 1275 333; baseline -0.003 -2"><span class='ocrx_word' id='word_1_1' title='bbox 339 289 402 333; x_wconf 70' lang='lat'>50</span> <span class='ocrx_word' id='word_1_2' title='bbox 852 284 1275 329; x_wconf 76' lang='lat' dir='ltr'><strong>VERULAMII</strong></span> 
     </span>
     <span class='ocr_line' id='line_1_2' title="bbox 951 403 1170 451; baseline 0 -1"><span class='ocrx_word' id='word_1_3' title='bbox 951 403 1170 451; x_wconf 88' lang='lat' dir='ltr'><strong>XXXII.</strong></span> 
     </span>
    </p>
   </div>
   <div class='ocr_carea' id='block_1_2' title="bbox 341 492 1807 792">
    <p class='ocr_par' dir='ltr' id='par_1_2' title="bbox 341 492 1807 792">
     <span class='ocr_line' id='line_1_3' title="bbox 441 492 1803 558; baseline 0.003 -18"><span class='ocrx_word' id='word_1_4' title='bbox 441 493 653 556; x_wconf 83' lang='lat' dir='ltr'>Autiquis</span> <span class='ocrx_word' id='word_1_5' title='bbox 704 492 931 539; x_wconf 80' lang='lat' dir='ltr'>autoribus</span> <span class='ocrx_word' id='word_1_6' title='bbox 967 510 1072 540; x_wconf 88' lang='lat' dir='ltr'>suus</span> <span class='ocrx_word' id='word_1_7' title='bbox 1117 499 1291 540; x_wconf 85' lang='lat' dir='ltr'>constat</span> <span class='ocrx_word' id='word_1_8' title='bbox 1330 494 1496 554; x_wconf 80' lang='lat' dir='ltr'>honos,</span> <span class='ocrx_word' id='word_1_9' title='bbox 1535 501 1666 558; x_wconf 84' lang='lat' dir='ltr'>atquo</span> <span class='ocrx_word' id='word_1_10' title='bbox 1695 497 1803 544; x_wconf 87' lang='lat' dir='ltr'>adeo</span> 
     </span>
     <span class='ocr_line' id='line_1_4' title="bbox 342 571 1807 634; baseline 0.001 -14"><span class='ocrx_word' id='word_1_11' title='bbox 342 574 568 631; x_wconf 85' lang='lat' dir='ltr'>omnibus,</span> <span class='ocrx_word' id='word_1_12' title='bbox 619 572 724 634; x_wconf 88' lang='lat' dir='ltr'>quia</span> <span class='ocrx_word' id='word_1_13' title='bbox 757 587 845 616; x_wconf 90' lang='lat' dir='ltr'>non</span> <span class='ocrx_word' id='word_1_14' title='bbox 883 571 1160 633; x_wconf 78' lang='lat' dir='ltr'>ingeniorum</span> <span class='ocrx_word' id='word_1_15' title='bbox 1189 577 1263 618; x_wconf 88' lang='lat' dir='ltr'>aut</span> <span class='ocrx_word' id='word_1_16' title='bbox 1296 572 1555 620; x_wconf 68' lang='lat' dir='ltr'>facultatum</span> <span class='ocrx_word' id='word_1_17' title='bbox 1584 574 1807 622; x_wconf 77' lang='lat' dir='ltr'>inducitur</span> 
     </span>
     <span class='ocr_line' id='line_1_5' title="bbox 343 649 1807 716; baseline 0.001 -16"><span class='ocrx_word' id='word_1_18' title='bbox 343 650 646 715; x_wconf 87' lang='lat' dir='ltr'>comparatio,</span> <span class='ocrx_word' id='word_1_19' title='bbox 695 649 772 697; x_wconf 89' lang='lat' dir='ltr'>sed</span> <span class='ocrx_word' id='word_1_20' title='bbox 820 649 943 710; x_wconf 81' lang='lat' dir='ltr'>viae,</span> <span class='ocrx_word' id='word_1_21' title='bbox 990 666 1203 713; x_wconf 85' lang='lat' dir='ltr'>nosque</span> <span class='ocrx_word' id='word_1_22' title='bbox 1254 668 1376 698; x_wconf 75' lang='lat' dir='ltr'>non</span> <span class='ocrx_word' id='word_1_23' title='bbox 1408 654 1666 716; x_wconf 70' lang='lat' dir='ltr'>judicis</span> <span class='ocrx_word' id='word_1_24' title='bbox 1712 654 1807 702; x_wconf 85' lang='lat' dir='ltr'>sed</span> 
     </span>
     <span class='ocr_line' id='line_1_6' title="bbox 341 727 1389 792; baseline -0.001 -15"><span class='ocrx_word' id='word_1_25' title='bbox 341 727 647 778; x_wconf 88' lang='lat' dir='ltr'><strong>INDICIS</strong></span> <span class='ocrx_word' id='word_1_26' title='bbox 683 737 988 792; x_wconf 80' lang='lat' dir='ltr'>personam</span> <span class='ocrx_word' id='word_1_27' title='bbox 1018 728 1389 776; x_wconf 78' lang='lat' dir='ltr'>sustinemus.</span> 
     </span>
    </p>
   </div>
   <div class='ocr_carea' id='block_1_3' title="bbox 952 850 1196 898">
    <p class='ocr_par' dir='ltr' id='par_1_3' title="bbox 952 850 1196 898">
     <span class='ocr_line' id='line_1_7' title="bbox 952 850 1196 898; baseline -0.004 -1"><span class='ocrx_word' id='word_1_28' title='bbox 952 850 1196 898; x_wconf 88' lang='lat' dir='ltr'><strong>XXXIII.</strong></span> 
     </span>
    </p>
   </div>
   <div class='ocr_carea' id='block_1_4' title="bbox 343 940 1808 1397">
    <p class='ocr_par' dir='ltr' id='par_1_4' title="bbox 343 940 1808 1397">
     <span class='ocr_line' id='line_1_8' title="bbox 440 940 1808 1004; baseline -0.001 -16"><span class='ocrx_word' id='word_1_29' title='bbox 440 940 673 989; x_wconf 87' lang='lat' dir='ltr'>Nullum</span> <span class='ocrx_word' id='word_1_30' title='bbox 722 940 973 1001; x_wconf 84' lang='lat' dir='ltr'>[dicendum</span> <span class='ocrx_word' id='word_1_31' title='bbox 1007 941 1124 987; x_wconf 87' lang='lat' dir='ltr'>enim</span> <span class='ocrx_word' id='word_1_32' title='bbox 1158 946 1225 987; x_wconf 89' lang='lat' dir='ltr'>est</span> <span class='ocrx_word' id='word_1_33' title='bbox 1258 943 1429 1004; x_wconf 87' lang='lat' dir='ltr'>aperte]</span> <span class='ocrx_word' id='word_1_34' title='bbox 1478 947 1634 989; x_wconf 89' lang='lat' dir='ltr'>reete</span> <span class='ocrx_word' id='word_1_35' title='bbox 1668 941 1808 989; x_wconf 84' lang='lat' dir='ltr'>fieri</span> 
     </span>
     <span class='ocr_line' id='line_1_9' title="bbox 344 1018 1808 1084; baseline 0.001 -18"><span class='ocrx_word' id='word_1_36' title='bbox 344 1024 539 1083; x_wconf 89' lang='lat' dir='ltr'>potest</span> <span class='ocrx_word' id='word_1_37' title='bbox 572 1018 881 1081; x_wconf 84' lang='lat' dir='ltr'>judicium,</span> <span class='ocrx_word' id='word_1_38' title='bbox 918 1035 1000 1065; x_wconf 90' lang='lat' dir='ltr'>nee</span> <span class='ocrx_word' id='word_1_39' title='bbox 1021 1019 1074 1065; x_wconf 89' lang='lat' dir='ltr'>de</span> <span class='ocrx_word' id='word_1_40' title='bbox 1102 1019 1172 1065; x_wconf 87' lang='lat' dir='ltr'>via</span> <span class='ocrx_word' id='word_1_41' title='bbox 1197 1026 1364 1074; x_wconf 81' lang='lat' dir='ltr'>nostra,</span> <span class='ocrx_word' id='word_1_42' title='bbox 1403 1037 1486 1068; x_wconf 89' lang='lat' dir='ltr'>nee</span> <span class='ocrx_word' id='word_1_43' title='bbox 1508 1020 1561 1068; x_wconf 89' lang='lat' dir='ltr'>de</span> <span class='ocrx_word' id='word_1_44' title='bbox 1586 1021 1660 1081; x_wconf 86' lang='lat' dir='ltr'>iis,</span> <span class='ocrx_word' id='word_1_45' title='bbox 1697 1036 1808 1084; x_wconf 89' lang='lat' dir='ltr'>quae</span> 
     </span>
     <span class='ocr_line' id='line_1_10' title="bbox 343 1097 1807 1163; baseline 0.001 -19"><span class='ocrx_word' id='word_1_46' title='bbox 343 1097 582 1144; x_wconf 84' lang='lat' dir='ltr'>secundum</span> <span class='ocrx_word' id='word_1_47' title='bbox 631 1113 726 1143; x_wconf 86' lang='lat' dir='ltr'>eam</span> <span class='ocrx_word' id='word_1_48' title='bbox 772 1098 951 1143; x_wconf 87' lang='lat' dir='ltr'>inventa</span> <span class='ocrx_word' id='word_1_49' title='bbox 997 1102 1125 1156; x_wconf 90' lang='lat' dir='ltr'>sunt,</span> <span class='ocrx_word' id='word_1_50' title='bbox 1180 1113 1261 1160; x_wconf 88' lang='lat' dir='ltr'>per</span> <span class='ocrx_word' id='word_1_51' title='bbox 1315 1099 1807 1163; x_wconf 75' lang='lat' dir='ltr'>anticipationeS,</span> 
     </span>
     <span class='ocr_line' id='line_1_11' title="bbox 344 1174 1808 1243; baseline 0.001 -22"><span class='ocrx_word' id='word_1_52' title='bbox 344 1174 628 1243; x_wconf 76' lang='lat' dir='ltr'>rationem</span> <span class='ocrx_word' id='word_1_53' title='bbox 676 1176 919 1223; x_wconf 89' lang='lat' dir='ltr'>seilicet</span> <span class='ocrx_word' id='word_1_54' title='bbox 967 1175 1202 1239; x_wconf 88' lang='lat' dir='ltr'>quaein</span> <span class='ocrx_word' id='word_1_55' title='bbox 1247 1180 1351 1222; x_wconf 77' lang='lat' dir='ltr'>us&#39;u</span> <span class='ocrx_word' id='word_1_56' title='bbox 1398 1182 1508 1235; x_wconf 89' lang='lat' dir='ltr'>est;</span> <span class='ocrx_word' id='word_1_57' title='bbox 1557 1178 1661 1241; x_wconf 86' lang='lat' dir='ltr'>quia</span> <span class='ocrx_word' id='word_1_58' title='bbox 1699 1193 1808 1223; x_wconf 91' lang='lat' dir='ltr'>non</span> 
     </span>
     <span class='ocr_line' id='line_1_12' title="bbox 343 1253 1807 1317; baseline -0.001 -16"><span class='ocrx_word' id='word_1_59' title='bbox 343 1253 753 1317; x_wconf 86' lang='lat' dir='ltr'>postulandum</span> <span class='ocrx_word' id='word_1_60' title='bbox 796 1260 908 1314; x_wconf 89' lang='lat' dir='ltr'>est,</span> <span class='ocrx_word' id='word_1_61' title='bbox 956 1262 1016 1300; x_wconf 87' lang='lat' dir='ltr'>ut</span> <span class='ocrx_word' id='word_1_62' title='bbox 1065 1254 1192 1317; x_wconf 88' lang='lat' dir='ltr'>ejus</span> <span class='ocrx_word' id='word_1_63' title='bbox 1227 1254 1309 1300; x_wconf 90' lang='lat' dir='ltr'>rei</span> <span class='ocrx_word' id='word_1_64' title='bbox 1343 1254 1570 1317; x_wconf 83' lang='lat' dir='ltr'>judicio</span> <span class='ocrx_word' id='word_1_65' title='bbox 1606 1260 1807 1314; x_wconf 86' lang='lat' dir='ltr'>stetur,</span> 
     </span>
     <span class='ocr_line' id='line_1_13' title="bbox 345 1333 1335 1397; baseline 0.001 -19"><span class='ocrx_word' id='word_1_66' title='bbox 345 1349 484 1396; x_wconf 82' lang='lat' dir='ltr'>quae</span> <span class='ocrx_word' id='word_1_67' title='bbox 512 1333 637 1396; x_wconf 91' lang='lat' dir='ltr'>ipsa</span> <span class='ocrx_word' id='word_1_68' title='bbox 674 1333 728 1379; x_wconf 91' lang='lat' dir='ltr'>in</span> <span class='ocrx_word' id='word_1_69' title='bbox 763 1333 1042 1397; x_wconf 84' lang='lat' dir='ltr'>judicium</span> <span class='ocrx_word' id='word_1_70' title='bbox 1079 1338 1335 1380; x_wconf 85' lang='lat' dir='ltr'>vocatur.</span> 
     </span>
    </p>
   </div>
   <div class='ocr_carea' id='block_1_5' title="bbox 962 1454 1203 1502">
    <p class='ocr_par' dir='ltr' id='par_1_5' title="bbox 962 1454 1203 1502">
     <span class='ocr_line' id='line_1_14' title="bbox 962 1454 1203 1502; baseline 0.004 -1"><span class='ocrx_word' id='word_1_71' title='bbox 962 1454 1203 1502; x_wconf 89' lang='lat' dir='ltr'><strong>XXXIV.</strong></span> 
     </span>
    </p>
   </div>
   <div class='ocr_carea' id='block_1_6' title="bbox 346 1543 1810 1765">
    <p class='ocr_par' dir='ltr' id='par_1_6' title="bbox 346 1543 1810 1765">
     <span class='ocr_line' id='line_1_15' title="bbox 446 1543 1807 1608; baseline -0.001 -17"><span class='ocrx_word' id='word_1_72' title='bbox 446 1543 643 1607; x_wconf 80' lang='lat' dir='ltr'>Neque</span> <span class='ocrx_word' id='word_1_73' title='bbox 681 1545 853 1591; x_wconf 86' lang='lat' dir='ltr'>etiam</span> <span class='ocrx_word' id='word_1_74' title='bbox 887 1545 1166 1593; x_wconf 83' lang='lat' dir='ltr'>tradendi</span> <span class='ocrx_word' id='word_1_75' title='bbox 1216 1550 1313 1591; x_wconf 89' lang='lat' dir='ltr'>aut</span> <span class='ocrx_word' id='word_1_76' title='bbox 1348 1543 1692 1608; x_wconf 84' lang='lat' dir='ltr'>explicandi</span> <span class='ocrx_word' id='word_1_77' title='bbox 1726 1560 1807 1604; x_wconf 90' lang='lat' dir='ltr'>ea,</span> 
     </span>
     <span class='ocr_line' id='line_1_16' title="bbox 347 1622 1809 1686; baseline -0.001 -17"><span class='ocrx_word' id='word_1_78' title='bbox 347 1638 488 1686; x_wconf 86' lang='lat' dir='ltr'>quae</span> <span class='ocrx_word' id='word_1_79' title='bbox 525 1622 886 1683; x_wconf 80' lang='lat' dir='ltr'>adducimus,</span> <span class='ocrx_word' id='word_1_80' title='bbox 936 1623 1144 1670; x_wconf 85' lang='lat' dir='ltr'>facilis</span> <span class='ocrx_word' id='word_1_81' title='bbox 1188 1629 1274 1670; x_wconf 85' lang='lat' dir='ltr'>est</span> <span class='ocrx_word' id='word_1_82' title='bbox 1308 1624 1487 1682; x_wconf 90' lang='lat' dir='ltr'>ratio;</span> <span class='ocrx_word' id='word_1_83' title='bbox 1538 1623 1665 1686; x_wconf 84' lang='lat' dir='ltr'>quia,</span> <span class='ocrx_word' id='word_1_84' title='bbox 1696 1638 1809 1686; x_wconf 88' lang='lat' dir='ltr'>quae</span> 
     </span>
     <span class='ocr_line' id='line_1_17' title="bbox 346 1701 1810 1765; baseline 0.002 -18"><span class='ocrx_word' id='word_1_85' title='bbox 346 1703 390 1748; x_wconf 89' lang='lat' dir='ltr'>in</span> <span class='ocrx_word' id='word_1_86' title='bbox 418 1718 465 1749; x_wconf 90' lang='lat' dir='ltr'>se</span> <span class='ocrx_word' id='word_1_87' title='bbox 490 1717 604 1749; x_wconf 88' lang='lat' dir='ltr'>nova</span> <span class='ocrx_word' id='word_1_88' title='bbox 630 1706 748 1762; x_wconf 90' lang='lat' dir='ltr'>sunt,</span> <span class='ocrx_word' id='word_1_89' title='bbox 771 1702 1080 1765; x_wconf 80' lang='lat' dir='ltr'>intelligentur</span> <span class='ocrx_word' id='word_1_90' title='bbox 1103 1707 1252 1750; x_wconf 87' lang='lat' dir='ltr'>tamen</span> <span class='ocrx_word' id='word_1_91' title='bbox 1273 1719 1328 1750; x_wconf 84' lang='lat' dir='ltr'>ex</span> <span class='ocrx_word' id='word_1_92' title='bbox 1362 1701 1570 1764; x_wconf 84' lang='lat' dir='ltr'>analogia</span> <span class='ocrx_word' id='word_1_93' title='bbox 1599 1706 1810 1750; x_wconf 87' lang='lat' dir='ltr'>veterum.</span> 
     </span>
    </p>
   </div>
   <div class='ocr_carea' id='block_1_7' title="bbox 969 1835 1183 1884">
    <p class='ocr_par' dir='ltr' id='par_1_7' title="bbox 969 1835 1183 1884">
     <span class='ocr_line' id='line_1_18' title="bbox 969 1835 1183 1884; baseline 0.005 -1"><span class='ocrx_word' id='word_1_94' title='bbox 969 1835 1183 1884; x_wconf 88' lang='lat' dir='ltr'><strong>XXXV.</strong></span> 
     </span>
    </p>
   </div>
   <div class='ocr_carea' id='block_1_8' title="bbox 348 1925 1808 2446">
    <p class='ocr_par' dir='ltr' id='par_1_8' title="bbox 348 1925 1808 2446">
     <span class='ocr_line' id='line_1_19' title="bbox 446 1925 1807 1990; baseline 0.001 -19"><span class='ocrx_word' id='word_1_95' title='bbox 446 1925 580 1972; x_wconf 78' lang='lat' dir='ltr'>Dixit</span> <span class='ocrx_word' id='word_1_96' title='bbox 601 1925 770 1988; x_wconf 80' lang='lat' dir='ltr'>Borgia</span> <span class='ocrx_word' id='word_1_97' title='bbox 792 1925 846 1973; x_wconf 90' lang='lat' dir='ltr'>de</span> <span class='ocrx_word' id='word_1_98' title='bbox 868 1926 1152 1990; x_wconf 82' lang='lat' dir='ltr'>expeditione</span> <span class='ocrx_word' id='word_1_99' title='bbox 1176 1925 1412 1975; x_wconf 81' lang='lat' dir='ltr'>Gallorum</span> <span class='ocrx_word' id='word_1_100' title='bbox 1432 1926 1478 1973; x_wconf 90' lang='lat' dir='ltr'>in</span> <span class='ocrx_word' id='word_1_101' title='bbox 1498 1926 1693 1987; x_wconf 88' lang='lat' dir='ltr'>Italiam,</span> <span class='ocrx_word' id='word_1_102' title='bbox 1730 1942 1807 1973; x_wconf 87' lang='lat' dir='ltr'>eos</span> 
     </span>
     <span class='ocr_line' id='line_1_20' title="bbox 349 2003 1806 2066; baseline -0.001 -15"><span class='ocrx_word' id='word_1_103' title='bbox 349 2003 520 2052; x_wconf 83' lang='lat' dir='ltr'>venisse</span> <span class='ocrx_word' id='word_1_104' title='bbox 553 2021 652 2051; x_wconf 88' lang='lat' dir='ltr'>cum</span> <span class='ocrx_word' id='word_1_105' title='bbox 692 2009 815 2051; x_wconf 86' lang='lat' dir='ltr'>creta</span> <span class='ocrx_word' id='word_1_106' title='bbox 853 2005 899 2050; x_wconf 92' lang='lat' dir='ltr'>in</span> <span class='ocrx_word' id='word_1_107' title='bbox 937 2007 1163 2066; x_wconf 88' lang='lat' dir='ltr'>manibus,</span> <span class='ocrx_word' id='word_1_108' title='bbox 1210 2011 1258 2053; x_wconf 88' lang='lat' dir='ltr'>ut</span> <span class='ocrx_word' id='word_1_109' title='bbox 1303 2005 1550 2052; x_wconf 81' lang='lat' dir='ltr'>diversoria</span> <span class='ocrx_word' id='word_1_110' title='bbox 1583 2009 1806 2064; x_wconf 85' lang='lat' dir='ltr'>notarent,</span> 
     </span>
     <span class='ocr_line' id='line_1_21' title="bbox 348 2083 1808 2148; baseline -0.001 -18"><span class='ocrx_word' id='word_1_111' title='bbox 348 2100 436 2130; x_wconf 89' lang='lat' dir='ltr'>non</span> <span class='ocrx_word' id='word_1_112' title='bbox 465 2099 564 2129; x_wconf 90' lang='lat' dir='ltr'>cum</span> <span class='ocrx_word' id='word_1_113' title='bbox 596 2083 730 2129; x_wconf 85' lang='lat' dir='ltr'>armis</span> <span class='ocrx_word' id='word_1_114' title='bbox 741 2116 757 2142; x_wconf 91' lang='lat'>,</span> <span class='ocrx_word' id='word_1_115' title='bbox 804 2088 853 2129; x_wconf 90' lang='lat' dir='ltr'>ut</span> <span class='ocrx_word' id='word_1_116' title='bbox 885 2090 1235 2148; x_wconf 82' lang='lat' dir='ltr'>perrumperent.</span> <span class='ocrx_word' id='word_1_117' title='bbox 1316 2083 1476 2130; x_wconf 83' lang='lat' dir='ltr'>Itidem</span> <span class='ocrx_word' id='word_1_118' title='bbox 1522 2089 1566 2130; x_wconf 89' lang='lat' dir='ltr'>et</span> <span class='ocrx_word' id='word_1_119' title='bbox 1604 2088 1808 2129; x_wconf 88' lang='lat' dir='ltr'>nostra</span> 
     </span>
     <span class='ocr_line' id='line_1_22' title="bbox 348 2161 1807 2222; baseline 0 -14"><span class='ocrx_word' id='word_1_120' title='bbox 348 2163 499 2209; x_wconf 83' lang='lat' dir='ltr'>ratio</span> <span class='ocrx_word' id='word_1_121' title='bbox 537 2169 620 2222; x_wconf 87' lang='lat' dir='ltr'>est,</span> <span class='ocrx_word' id='word_1_122' title='bbox 657 2168 716 2208; x_wconf 91' lang='lat' dir='ltr'>ut</span> <span class='ocrx_word' id='word_1_123' title='bbox 752 2161 1029 2208; x_wconf 85' lang='lat' dir='ltr'>doctrina</span> <span class='ocrx_word' id='word_1_124' title='bbox 1070 2169 1268 2210; x_wconf 81' lang='lat' dir='ltr'>nostra</span> <span class='ocrx_word' id='word_1_125' title='bbox 1311 2161 1530 2208; x_wconf 86' lang='lat' dir='ltr'>animos</span> <span class='ocrx_word' id='word_1_126' title='bbox 1565 2161 1807 2209; x_wconf 88' lang='lat' dir='ltr'>idoneos</span> 
     </span>
     <span class='ocr_line' id='line_1_23' title="bbox 349 2240 1808 2305; baseline -0.001 -17"><span class='ocrx_word' id='word_1_127' title='bbox 349 2247 401 2288; x_wconf 88' lang='lat' dir='ltr'>et</span> <span class='ocrx_word' id='word_1_128' title='bbox 437 2258 461 2288; x_wconf 87' lang='lat' dir='ltr'>c</span> <span class='ocrx_word' id='word_1_129' title='bbox 475 2257 500 2287; x_wconf 83' lang='lat' dir='ltr'>a</span> <span class='ocrx_word' id='word_1_130' title='bbox 514 2258 541 2305; x_wconf 91' lang='lat' dir='ltr'>p</span> <span class='ocrx_word' id='word_1_131' title='bbox 558 2257 583 2287; x_wconf 87' lang='lat' dir='ltr'>a</span> <span class='ocrx_word' id='word_1_132' title='bbox 596 2257 620 2287; x_wconf 89' lang='lat' dir='ltr'>e</span> <span class='ocrx_word' id='word_1_133' title='bbox 635 2257 658 2287; x_wconf 91' lang='lat' dir='ltr'>e</span> <span class='ocrx_word' id='word_1_134' title='bbox 671 2257 691 2286; x_wconf 87' lang='lat' dir='ltr'>s</span> <span class='ocrx_word' id='word_1_135' title='bbox 739 2257 759 2287; x_wconf 92' lang='lat' dir='ltr'>s</span> <span class='ocrx_word' id='word_1_136' title='bbox 770 2241 838 2287; x_wconf 82' lang='lat' dir='ltr'>ub</span> <span class='ocrx_word' id='word_1_137' title='bbox 852 2241 936 2287; x_wconf 90' lang='lat' dir='ltr'>int</span> <span class='ocrx_word' id='word_1_138' title='bbox 950 2258 1006 2288; x_wconf 87' lang='lat' dir='ltr'>re</span> <span class='ocrx_word' id='word_1_139' title='bbox 1020 2247 1052 2288; x_wconf 89' lang='lat' dir='ltr'>t.</span> <span class='ocrx_word' id='word_1_140' title='bbox 1126 2240 1488 2289; x_wconf 83' lang='lat' dir='ltr'>Confutationum</span> <span class='ocrx_word' id='word_1_141' title='bbox 1515 2241 1631 2288; x_wconf 89' lang='lat' dir='ltr'>enim</span> <span class='ocrx_word' id='word_1_142' title='bbox 1659 2241 1808 2287; x_wconf 90' lang='lat' dir='ltr'>nullus</span> 
     </span>
     <span class='ocr_line' id='line_1_24' title="bbox 348 2319 1808 2384; baseline 0.001 -18"><span class='ocrx_word' id='word_1_143' title='bbox 348 2324 416 2366; x_wconf 88' lang='lat' dir='ltr'>est</span> <span class='ocrx_word' id='word_1_144' title='bbox 435 2336 566 2380; x_wconf 89' lang='lat' dir='ltr'>usus,</span> <span class='ocrx_word' id='word_1_145' title='bbox 602 2320 678 2365; x_wconf 87' lang='lat' dir='ltr'>ubi</span> <span class='ocrx_word' id='word_1_146' title='bbox 704 2319 757 2366; x_wconf 94' lang='lat' dir='ltr'>de</span> <span class='ocrx_word' id='word_1_147' title='bbox 781 2320 1015 2384; x_wconf 83' lang='lat' dir='ltr'>principiis</span> <span class='ocrx_word' id='word_1_148' title='bbox 1035 2326 1078 2367; x_wconf 87' lang='lat' dir='ltr'>et</span> <span class='ocrx_word' id='word_1_149' title='bbox 1110 2321 1218 2384; x_wconf 88' lang='lat' dir='ltr'>ipsis</span> <span class='ocrx_word' id='word_1_150' title='bbox 1243 2319 1497 2367; x_wconf 87' lang='lat' dir='ltr'>notionibus</span> <span class='ocrx_word' id='word_1_151' title='bbox 1523 2325 1653 2384; x_wconf 87' lang='lat' dir='ltr'>atque</span> <span class='ocrx_word' id='word_1_152' title='bbox 1674 2319 1808 2368; x_wconf 87' lang='lat' dir='ltr'>etiam</span> 
     </span>
     <span class='ocr_line' id='line_1_25' title="bbox 350 2397 1346 2446; baseline 0.001 -3"><span class='ocrx_word' id='word_1_153' title='bbox 350 2397 404 2444; x_wconf 90' lang='lat' dir='ltr'>de</span> <span class='ocrx_word' id='word_1_154' title='bbox 427 2398 579 2445; x_wconf 85' lang='lat' dir='ltr'>formis</span> <span class='ocrx_word' id='word_1_155' title='bbox 604 2398 1028 2446; x_wconf 84' lang='lat' dir='ltr'>demonstrationum</span> <span class='ocrx_word' id='word_1_156' title='bbox 1048 2398 1346 2446; x_wconf 88' lang='lat' dir='ltr'>dissentimus.</span> 
     </span>
    </p>
   </div>
   <div class='ocr_carea' id='block_1_9' title="bbox 958 2529 1194 2579">
    <p class='ocr_par' dir='ltr' id='par_1_9' title="bbox 958 2529 1194 2579">
     <span class='ocr_line' id='line_1_26' title="bbox 958 2529 1194 2579; baseline 0.013 -3"><span class='ocrx_word' id='word_1_157' title='bbox 958 2529 1194 2579; x_wconf 90' lang='lat' dir='ltr'><strong>XXXVI.</strong></span> 
     </span>
    </p>
   </div>
   <div class='ocr_carea' id='block_1_10' title="bbox 349 2617 1807 2997">
    <p class='ocr_par' dir='ltr' id='par_1_10' title="bbox 349 2617 1807 2997">
     <span class='ocr_line' id='line_1_27' title="bbox 440 2617 1807 2669; baseline 0.001 -4"><span class='ocrx_word' id='word_1_158' title='bbox 440 2617 601 2665; x_wconf 87' lang='lat' dir='ltr'>Restat</span> <span class='ocrx_word' id='word_1_159' title='bbox 659 2634 759 2665; x_wconf 87' lang='lat' dir='ltr'>vero</span> <span class='ocrx_word' id='word_1_160' title='bbox 803 2620 930 2667; x_wconf 87' lang='lat' dir='ltr'>nobis</span> <span class='ocrx_word' id='word_1_161' title='bbox 977 2621 1167 2668; x_wconf 89' lang='lat' dir='ltr'>modus</span> <span class='ocrx_word' id='word_1_162' title='bbox 1231 2621 1502 2669; x_wconf 86' lang='lat' dir='ltr'>tradendi</span> <span class='ocrx_word' id='word_1_163' title='bbox 1555 2635 1694 2666; x_wconf 87' lang='lat' dir='ltr'>nnus</span> <span class='ocrx_word' id='word_1_164' title='bbox 1754 2626 1807 2666; x_wconf 90' lang='lat' dir='ltr'>et</span> 
     </span>
     <span class='ocr_line' id='line_1_28' title="bbox 351 2695 1807 2765; baseline 0.002 -24"><span class='ocrx_word' id='word_1_165' title='bbox 351 2695 618 2760; x_wconf 83' lang='lat' dir='ltr'>simplex,</span> <span class='ocrx_word' id='word_1_166' title='bbox 674 2702 723 2742; x_wconf 93' lang='lat' dir='ltr'>ut</span> <span class='ocrx_word' id='word_1_167' title='bbox 763 2696 962 2744; x_wconf 88' lang='lat' dir='ltr'>homines</span> <span class='ocrx_word' id='word_1_168' title='bbox 1002 2699 1055 2745; x_wconf 89' lang='lat' dir='ltr'>ad</span> <span class='ocrx_word' id='word_1_169' title='bbox 1099 2701 1197 2764; x_wconf 87' lang='lat' dir='ltr'>ipsa</span> <span class='ocrx_word' id='word_1_170' title='bbox 1241 2699 1531 2765; x_wconf 88' lang='lat' dir='ltr'>particularia</span> <span class='ocrx_word' id='word_1_171' title='bbox 1569 2704 1612 2745; x_wconf 89' lang='lat' dir='ltr'>et</span> <span class='ocrx_word' id='word_1_172' title='bbox 1655 2714 1807 2745; x_wconf 88' lang='lat' dir='ltr'>eorum</span> 
     </span>
     <span class='ocr_line' id='line_1_29' title="bbox 350 2773 1804 2840; baseline 0.003 -21"><span class='ocrx_word' id='word_1_173' title='bbox 350 2774 488 2821; x_wconf 89' lang='lat' dir='ltr'>series</span> <span class='ocrx_word' id='word_1_174' title='bbox 511 2779 556 2821; x_wconf 89' lang='lat' dir='ltr'>et</span> <span class='ocrx_word' id='word_1_175' title='bbox 579 2773 756 2821; x_wconf 88' lang='lat' dir='ltr'>ordines</span> <span class='ocrx_word' id='word_1_176' title='bbox 779 2775 1064 2839; x_wconf 82' lang='lat' dir='ltr'>adducamus,</span> <span class='ocrx_word' id='word_1_177' title='bbox 1087 2784 1131 2825; x_wconf 89' lang='lat' dir='ltr'>et</span> <span class='ocrx_word' id='word_1_178' title='bbox 1151 2785 1199 2826; x_wconf 91' lang='lat' dir='ltr'>ut</span> <span class='ocrx_word' id='word_1_179' title='bbox 1223 2780 1292 2825; x_wconf 93' lang='lat' dir='ltr'>illi</span> <span class='ocrx_word' id='word_1_180' title='bbox 1313 2794 1465 2825; x_wconf 84' lang='lat' dir='ltr'>rursus</span> <span class='ocrx_word' id='word_1_181' title='bbox 1486 2777 1704 2840; x_wconf 88' lang='lat' dir='ltr'>imperent</span> <span class='ocrx_word' id='word_1_182' title='bbox 1721 2776 1804 2823; x_wconf 81' lang='lat' dir='ltr'>sibi</span> 
     </span>
     <span class='ocr_line' id='line_1_30' title="bbox 349 2852 1806 2919; baseline 0.004 -23"><span class='ocrx_word' id='word_1_183' title='bbox 349 2852 403 2897; x_wconf 87' lang='lat' dir='ltr'>ad</span> <span class='ocrx_word' id='word_1_184' title='bbox 447 2857 618 2916; x_wconf 89' lang='lat' dir='ltr'>tempus</span> <span class='ocrx_word' id='word_1_185' title='bbox 660 2853 995 2916; x_wconf 78' lang='lat' dir='ltr'>abnegationem</span> <span class='ocrx_word' id='word_1_186' title='bbox 1034 2857 1259 2904; x_wconf 87' lang='lat' dir='ltr'>notionum</span> <span class='ocrx_word' id='word_1_187' title='bbox 1303 2862 1477 2902; x_wconf 88' lang='lat' dir='ltr'>etcum</span> <span class='ocrx_word' id='word_1_188' title='bbox 1530 2856 1660 2903; x_wconf 87' lang='lat' dir='ltr'>rebus</span> <span class='ocrx_word' id='word_1_189' title='bbox 1694 2855 1806 2919; x_wconf 88' lang='lat' dir='ltr'>ipsis</span> 
     </span>
     <span class='ocr_line' id='line_1_31' title="bbox 351 2932 901 2997; baseline 0.018 -25"><span class='ocrx_word' id='word_1_190' title='bbox 351 2946 638 2979; x_wconf 77' lang='lat' dir='ltr'>consuescere</span> <span class='ocrx_word' id='word_1_191' title='bbox 669 2932 901 2997; x_wconf 85' lang='lat' dir='ltr'>incipiant.</span> 
     </span>
    </p>
   </div>
  </div>
 </body>
</html>
