1947 3456
268 288 335 334 88
795 285 1219 333 VERULAMII

270 408 475 474 pertinet.
544 407 748 455 Iuventio
780 406 898 455 enim
934 406 1170 454 dialectiae
1192 423 1280 453 nou
1311 410 1380 453 est
1412 406 1732 470 principiorum

269 494 313 536 et
333 488 602 535 axiomatum
623 485 983 550 praecipuorum,
1012 503 1069 534 ex
1090 487 1247 550 quibus
1272 490 1390 532 artes
1413 489 1635 544 constant,
1656 485 1735 532 sed

269 584 420 614 eorum
442 570 626 624 tantum,
665 580 776 629 quae
812 564 905 609 illis
931 573 1230 610 consentanea
1254 564 1474 611 videntur.
1543 563 1736 611 Dialec-

268 647 359 694 tica
379 646 495 693 enim
516 644 658 706 inagis
686 642 887 690 curiosos
921 648 965 689 et
998 642 1299 705 importunos,
1331 647 1375 689 et
1402 642 1490 689 sibi
1510 643 1737 705 negotium

267 726 541 772 facessentes
552 756 568 782 ,
621 737 804 784 eamque
846 721 1186 784 interpellantes
1225 719 1278 766 de
1319 722 1657 783 probationibus
1694 726 1739 769 et

267 803 598 851 inventionibus
624 800 945 864 principiorum
967 800 1060 847 sive
1095 799 1365 846 axiomatum
1386 799 1645 862 primorum,
1681 800 1737 846 ad

267 882 399 929 fidem
431 887 476 928 et
522 879 660 927 veluti
703 883 1027 924 sacramentum
1068 878 1258 925 cuilibet
1290 877 1377 924 arti
1404 877 1736 941 praestandum,

267 961 499 1008 notissimo
527 973 740 1020 responso
767 957 931 1019 rejicit.

369 1039 532 1086 Restat
580 1035 956 1099 experientia
1004 1051 1183 1095 mera,
1240 1050 1381 1097 quae,
1433 1034 1473 1081 si
1511 1040 1736 1097 occurrat,

269 1134 294 1164 c
309 1134 334 1163 a
349 1135 369 1165 s
381 1134 408 1164 u
419 1134 464 1176 s3
518 1117 557 1163 si
599 1114 801 1178 quaesita
835 1114 921 1173 sit,
962 1129 986 1161 e
1001 1130 1031 1160 x
1045 1130 1072 1177 p
1085 1129 1109 1160 e
1120 1112 1226 1160 rim
1239 1129 1262 1159 e
1273 1119 1365 1174 ntu
1379 1130 1422 1159 m
1466 1115 1736 1162 nominatur.

265 1196 368 1243 Hoc
390 1202 536 1243 autem
566 1211 590 1242 e
604 1211 672 1257 xp
690 1210 713 1240 e
726 1193 809 1240 rie
821 1192 942 1239 ntia
959 1209 982 1239 e
1007 1209 1037 1255 g
1049 1208 1072 1239 e
1085 1208 1113 1238 n
1126 1208 1153 1237 u
1165 1208 1186 1239 s
1213 1191 1326 1238 nihil
1341 1191 1462 1238 aliud
1483 1197 1567 1253 est,
1590 1209 1736 1257 quam,

268 1275 383 1338 quod
405 1275 546 1338 ajunt,
577 1289 739 1336 scopae
764 1272 1007 1319 dissolutae
1027 1277 1071 1319 et
1094 1271 1454 1335 mera'palpatio,
1493 1272 1615 1335 quali
1650 1272 1736 1319 ho-

267 1354 408 1401 mines
430 1358 563 1401 noctu
581 1358 778 1412 utuntur,
801 1351 947 1398 omnia
970 1350 1280 1414 pertentando,
1301 1349 1339 1397 si
1365 1349 1480 1397 forte
1503 1350 1549 1396 in
1568 1356 1735 1398 rectam

266 1431 382 1478 viam
417 1432 617 1479 incidere
649 1430 803 1489 detur3
853 1431 1011 1494 quibus
1053 1430 1192 1475 multo
1233 1429 1373 1476 satius
1408 1433 1453 1475 et
1487 1429 1735 1475 consultius

265 1510 399 1571 soret,
430 1510 545 1558 diem
588 1509 855 1574 praestolari
893 1514 968 1555 aut
996 1508 1145 1555 lumen
1178 1508 1421 1555 accendere
1451 1512 1496 1554 et
1525 1506 1735 1572 deinceps

266 1589 381 1635 viam
409 1589 541 1636 inire.
610 1589 675 1636 At
700 1595 884 1648 contra,
922 1604 1089 1635 verus
1134 1586 1542 1650 experientiae
1580 1586 1675 1632 ord
1691 1603 1734 1646 o,

265 1667 409 1730 primo
441 1668 630 1715 lumen
674 1666 972 1726 accendit,
1029 1665 1187 1712 deinde
1232 1680 1332 1728 per
1385 1665 1494 1710 lum
1511 1680 1573 1711 en
1621 1665 1736 1712 iter

266 1745 645 1807 demonstrat,
678 1744 1015 1809 incipiendo
1053 1744 1118 1790 ab
1163 1742 1542 1807 experientia
1580 1744 1735 1790 ordi-

264 1840 294 1870 n
310 1830 400 1871 ata
435 1831 487 1872 et
525 1825 579 1871 di
593 1831 786 1888 gesta,
818 1832 862 1871 et
896 1823 1075 1869 minime
1104 1826 1396 1886 praepostera
1425 1827 1501 1869 aut
1523 1823 1734 1884 erratica,

265 1908 397 1966 atque
434 1920 502 1950 ex
543 1920 603 1950 ea
640 1901 931 1951 educendo
969 1901 1287 1961 axiomata,
1310 1906 1441 1964 atque
1472 1917 1537 1948 ex
1573 1901 1734 1948 axio-

262 1983 509 2029 matibus
535 1981 883 2029 constitutis
915 1997 1117 2027 rursus
1144 1979 1550 2043 experimenta
1575 1996 1733 2037 nova,

265 2077 424 2124 quum
455 2077 559 2107 nec
583 2058 911 2107 VERBUM
933 2057 1282 2106 DIVINUM
1306 2058 1361 2104 in
1387 2075 1573 2106 rerum
1600 2075 1733 2106 mas-

264 2155 377 2186 sam
416 2140 633 2202 absque
670 2138 871 2185 ordine
907 2143 1201 2201 operatum
1237 2137 1332 2182 sit.

364 2218 571 2281 Itaque
608 2217 878 2264 desinant
913 2217 1035 2263 hom
1052 2217 1178 2262 ines
1213 2214 1442 2274 mirari,
1475 2213 1514 2260 si
1539 2214 1732 2278 spatium

263 2296 550 2344 scientiarum
571 2312 660 2343 non
686 2295 936 2342 confectum
961 2295 1037 2355 sit,
1074 2311 1173 2342 cum
1200 2310 1226 2340 a
1246 2294 1316 2341 via
1339 2293 1516 2340 omuino
1545 2294 1731 2341 aberra·

262 2376 432 2435 verint3
468 2375 628 2422 relicta
667 2391 851 2438 prorsus
910 2380 955 2420 et
1003 2373 1180 2421 deserta
1215 2373 1522 2438 experientia,
1573 2377 1650 2419 aut
1684 2373 1731 2419 in

260 2454 375 2517 ipsa,
399 2460 608 2519 tanquam
643 2454 700 2500 in
734 2452 1093 2515 labyrintho,
1130 2469 1177 2499 se
1197 2451 1448 2500 intricando
1471 2456 1516 2497 et
1537 2451 1733 2499 circum-

263 2533 499 2592 cursando,
538 2550 635 2580 cum
659 2533 743 2580 rite
763 2530 992 2578 institutus
1015 2530 1141 2591 ordo,
1178 2548 1206 2595 p
1218 2548 1241 2578 e
1253 2548 1277 2577 r
1322 2548 1346 2578 e
1358 2547 1388 2577 x
1399 2547 1427 2593 p
1441 2546 1464 2577 e
1476 2530 1560 2578 rie
1573 2530 1655 2577 nti
1668 2546 1695 2576 a
1707 2546 1731 2577 e

264 2611 486 2673 sylvas,
536 2611 597 2656 ad
649 2616 858 2675 aperta
894 2609 1087 2656 axiom
1103 2615 1278 2670 atum,
1327 2609 1562 2657 tramite
1597 2624 1730 2655 con-

264 2689 449 2737 stanti
488 2689 636 2737 ducat.

848 2752 1140 2801 LXXXIII.

360 2846 581 2895 Excrevit
611 2851 757 2893 autem
781 2843 939 2890 mirum
961 2843 1008 2889 in
1031 2842 1205 2890 modum
1225 2842 1344 2890 istud
1378 2859 1419 2888 m
1435 2843 1613 2903 alum,
1659 2858 1727 2890 ex

264 2925 464 2988 opinio
482 2943 508 2973 u
521 2943 544 2974 e
582 2944 607 2989 q
623 2942 646 2972 u
661 2942 686 2971 a
699 2924 724 2971 d
738 2940 816 2971 am
845 2922 937 2969 sive
957 2921 1266 2970 aestimatione
1291 2921 1555 2984 inveterata,
1575 2938 1725 2971 verum
