<?xml version="1.0" encoding="UTF-8"?>
<!DOCTYPE html PUBLIC "-//W3C//DTD XHTML 1.0 Transitional//EN"
    "http://www.w3.org/TR/xhtml1/DTD/xhtml1-transitional.dtd">
<html xmlns="http://www.w3.org/1999/xhtml" xml:lang="en" lang="en">
 <head>
  <title>
</title>
<meta http-equiv="Content-Type" content="text/html;charset=utf-8" />
  <meta name='ocr-system' content='tesseract 3.04.00' />
  <meta name='ocr-capabilities' content='ocr_page ocr_carea ocr_par ocr_line ocrx_word'/>
</head>
<body>
  <div class='ocr_page' id='page_1' title='image "./franciscibaconid01baco/franciscibaconid01baco_0058.png"; bbox 0 0 1947 3456; ppageno 0'>
   <div class='ocr_carea' id='block_1_1' title="bbox 305 282 1258 336">
    <p class='ocr_par' dir='ltr' id='par_1_1' title="bbox 305 282 1258 336">
     <span class='ocr_line' id='line_1_1' title="bbox 305 282 1258 336; baseline -0.005 -4"><span class='ocrx_word' id='word_1_1' title='bbox 305 287 366 336; x_wconf 74' lang='grc'><strong>52</strong></span> <span class='ocrx_word' id='word_1_2' title='bbox 832 282 1258 329; x_wconf 78' lang='lat' dir='ltr'>VERULAMII</span> 
     </span>
    </p>
   </div>
   <div class='ocr_carea' id='block_1_2' title="bbox 411 403 1779 558">
    <p class='ocr_par' dir='ltr' id='par_1_2' title="bbox 411 403 1779 558">
     <span class='ocr_line' id='line_1_2' title="bbox 970 403 1108 452; baseline 0.007 -1"><span class='ocrx_word' id='word_1_3' title='bbox 970 403 1108 452; x_wconf 88' lang='lat' dir='ltr'><strong>XLI.</strong></span> 
     </span>
     <span class='ocr_line' id='line_1_3' title="bbox 411 492 1779 558; baseline -0.003 -12"><span class='ocrx_word' id='word_1_4' title='bbox 411 494 659 545; x_wconf 88' lang='lat' dir='ltr'><strong>IDOLA</strong></span> <span class='ocrx_word' id='word_1_5' title='bbox 695 492 988 542; x_wconf 90' lang='lat' dir='ltr'>TRIBUS</span> <span class='ocrx_word' id='word_1_6' title='bbox 1026 500 1129 541; x_wconf 88' lang='lat' dir='ltr'><strong>sunt</strong></span> <span class='ocrx_word' id='word_1_7' title='bbox 1164 493 1404 541; x_wconf 82' lang='lat' dir='ltr'><strong>fundata</strong></span> <span class='ocrx_word' id='word_1_8' title='bbox 1438 494 1491 540; x_wconf 88' lang='lat' dir='ltr'><strong>in</strong></span> <span class='ocrx_word' id='word_1_9' title='bbox 1530 494 1651 558; x_wconf 84' lang='lat' dir='ltr'><strong>ipsa</strong></span> <span class='ocrx_word' id='word_1_10' title='bbox 1686 512 1779 542; x_wconf 86' lang='lat' dir='ltr'><strong>na-</strong></span> 
     </span>
    </p>
   </div>
   <div class='ocr_carea' id='block_1_3' title="bbox 308 573 1781 1108">
    <p class='ocr_par' dir='ltr' id='par_1_3' title="bbox 308 573 1781 1108">
     <span class='ocr_line' id='line_1_4' title="bbox 310 573 1777 637; baseline -0.003 -10"><span class='ocrx_word' id='word_1_11' title='bbox 310 586 440 628; x_wconf 85' lang='lat' dir='ltr'><strong>tura</strong></span> <span class='ocrx_word' id='word_1_12' title='bbox 484 577 718 623; x_wconf 87' lang='lat' dir='ltr'><strong>humana</strong></span> <span class='ocrx_word' id='word_1_13' title='bbox 768 579 938 637; x_wconf 85' lang='lat' dir='ltr'><strong>atque</strong></span> <span class='ocrx_word' id='word_1_14' title='bbox 981 573 1034 619; x_wconf 93' lang='lat' dir='ltr'><strong>in</strong></span> <span class='ocrx_word' id='word_1_15' title='bbox 1070 573 1200 636; x_wconf 87' lang='lat' dir='ltr'><strong>ipsa</strong></span> <span class='ocrx_word' id='word_1_16' title='bbox 1252 573 1413 619; x_wconf 89' lang='lat' dir='ltr'><strong>tribu</strong></span> <span class='ocrx_word' id='word_1_17' title='bbox 1459 589 1556 620; x_wconf 90' lang='lat' dir='ltr'><strong>seu</strong></span> <span class='ocrx_word' id='word_1_18' title='bbox 1602 579 1777 637; x_wconf 86' lang='lat' dir='ltr'><strong>gente</strong></span> 
     </span>
     <span class='ocr_line' id='line_1_5' title="bbox 310 651 1779 710; baseline -0.003 -5"><span class='ocrx_word' id='word_1_19' title='bbox 310 657 607 705; x_wconf 88' lang='lat' dir='ltr'><strong>hominum.</strong></span> <span class='ocrx_word' id='word_1_20' title='bbox 660 651 797 700; x_wconf 88' lang='lat' dir='ltr'><strong>Falso</strong></span> <span class='ocrx_word' id='word_1_21' title='bbox 823 652 939 699; x_wconf 92' lang='lat' dir='ltr'><strong>enim</strong></span> <span class='ocrx_word' id='word_1_22' title='bbox 966 652 1196 710; x_wconf 86' lang='lat' dir='ltr'><strong>asseritur,</strong></span> <span class='ocrx_word' id='word_1_23' title='bbox 1216 667 1393 698; x_wconf 89' lang='lat' dir='ltr'><strong>sensum</strong></span> <span class='ocrx_word' id='word_1_24' title='bbox 1410 651 1647 700; x_wconf 88' lang='lat' dir='ltr'><strong>humanum</strong></span> <span class='ocrx_word' id='word_1_25' title='bbox 1678 670 1779 701; x_wconf 88' lang='lat' dir='ltr'><strong>esse</strong></span> 
     </span>
     <span class='ocr_line' id='line_1_6' title="bbox 308 731 1776 795; baseline -0.002 -12"><span class='ocrx_word' id='word_1_26' title='bbox 308 750 558 785; x_wconf 88' lang='lat' dir='ltr'><strong>mensuram</strong></span> <span class='ocrx_word' id='word_1_27' title='bbox 593 748 770 790; x_wconf 81' lang='lat' dir='ltr'><strong>rerum3</strong></span> <span class='ocrx_word' id='word_1_28' title='bbox 807 731 911 795; x_wconf 88' lang='lat' dir='ltr'><strong>quin</strong></span> <span class='ocrx_word' id='word_1_29' title='bbox 937 735 1110 791; x_wconf 85' lang='lat' dir='ltr'><strong>contra,</strong></span> <span class='ocrx_word' id='word_1_30' title='bbox 1146 746 1297 777; x_wconf 90' lang='lat' dir='ltr'><strong>omnes</strong></span> <span class='ocrx_word' id='word_1_31' title='bbox 1325 732 1652 794; x_wconf 76' lang='lat' dir='ltr'><strong>perceptiones,</strong></span> <span class='ocrx_word' id='word_1_32' title='bbox 1684 738 1776 780; x_wconf 84' lang='lat' dir='ltr'><strong>tam</strong></span> 
     </span>
     <span class='ocr_line' id='line_1_7' title="bbox 309 808 1778 877; baseline -0.003 -13"><span class='ocrx_word' id='word_1_33' title='bbox 309 831 467 864; x_wconf 89' lang='lat' dir='ltr'><strong>sensus</strong></span> <span class='ocrx_word' id='word_1_34' title='bbox 501 828 628 877; x_wconf 88' lang='lat' dir='ltr'><strong>quam</strong></span> <span class='ocrx_word' id='word_1_35' title='bbox 662 811 850 872; x_wconf 85' lang='lat' dir='ltr'><strong>mentis,</strong></span> <span class='ocrx_word' id='word_1_36' title='bbox 886 816 990 858; x_wconf 88' lang='lat' dir='ltr'><strong>sunt</strong></span> <span class='ocrx_word' id='word_1_37' title='bbox 1021 827 1079 858; x_wconf 80' lang='lat' dir='ltr'><strong>ex</strong></span> <span class='ocrx_word' id='word_1_38' title='bbox 1107 809 1315 872; x_wconf 81' lang='lat' dir='ltr'><strong>analogia</strong></span> <span class='ocrx_word' id='word_1_39' title='bbox 1351 808 1560 870; x_wconf 81' lang='lat' dir='ltr'><strong>hominis,</strong></span> <span class='ocrx_word' id='word_1_40' title='bbox 1597 828 1684 858; x_wconf 93' lang='lat' dir='ltr'><strong>non</strong></span> <span class='ocrx_word' id='word_1_41' title='bbox 1721 829 1778 859; x_wconf 86' lang='lat' dir='ltr'><strong>ex</strong></span> 
     </span>
     <span class='ocr_line' id='line_1_8' title="bbox 311 888 1779 956; baseline -0.003 -14"><span class='ocrx_word' id='word_1_42' title='bbox 311 892 521 956; x_wconf 84' lang='lat' dir='ltr'><strong>analogia</strong></span> <span class='ocrx_word' id='word_1_43' title='bbox 577 890 789 938; x_wconf 86' lang='lat' dir='ltr'><strong>universi.</strong></span> <span class='ocrx_word' id='word_1_44' title='bbox 870 888 1043 952; x_wconf 86' lang='lat' dir='ltr'><strong>Estque</strong></span> <span class='ocrx_word' id='word_1_45' title='bbox 1098 888 1444 935; x_wconf 86' lang='lat' dir='ltr'><strong>intellectus</strong></span> <span class='ocrx_word' id='word_1_46' title='bbox 1507 888 1779 937; x_wconf 89' lang='lat' dir='ltr'><strong>humanus</strong></span> 
     </span>
     <span class='ocr_line' id='line_1_9' title="bbox 311 966 1781 1035; baseline -0.004 -14"><span class='ocrx_word' id='word_1_47' title='bbox 311 974 454 1021; x_wconf 89' lang='lat' dir='ltr'><strong>instar</strong></span> <span class='ocrx_word' id='word_1_48' title='bbox 481 969 653 1035; x_wconf 81' lang='lat' dir='ltr'>speculi</span> <span class='ocrx_word' id='word_1_49' title='bbox 673 968 921 1032; x_wconf 87' lang='lat' dir='ltr'><strong>inaequalis</strong></span> <span class='ocrx_word' id='word_1_50' title='bbox 943 967 998 1014; x_wconf 86' lang='lat' dir='ltr'><strong>ad</strong></span> <span class='ocrx_word' id='word_1_51' title='bbox 1028 966 1178 1013; x_wconf 87' lang='lat' dir='ltr'><strong>radios</strong></span> <span class='ocrx_word' id='word_1_52' title='bbox 1201 983 1366 1027; x_wconf 84' lang='lat' dir='ltr'><strong>rerum,</strong></span> <span class='ocrx_word' id='word_1_53' title='bbox 1395 966 1613 1029; x_wconf 85' lang='lat' dir='ltr'><strong>quisnam</strong></span> <span class='ocrx_word' id='word_1_54' title='bbox 1645 974 1781 1015; x_wconf 87' lang='lat' dir='ltr'><strong>natu-</strong></span> 
     </span>
     <span class='ocr_line' id='line_1_10' title="bbox 308 1044 1777 1108; baseline -0.003 -9"><span class='ocrx_word' id='word_1_55' title='bbox 308 1068 403 1099; x_wconf 88' lang='lat' dir='ltr'><strong>ram</strong></span> <span class='ocrx_word' id='word_1_56' title='bbox 422 1054 608 1097; x_wconf 87' lang='lat' dir='ltr'><strong>naturae</strong></span> <span class='ocrx_word' id='word_1_57' title='bbox 633 1064 780 1096; x_wconf 88' lang='lat' dir='ltr'><strong>rerum</strong></span> <span class='ocrx_word' id='word_1_58' title='bbox 801 1047 1036 1106; x_wconf 86' lang='lat' dir='ltr'><strong>immiscet,</strong></span> <span class='ocrx_word' id='word_1_59' title='bbox 1069 1060 1252 1108; x_wconf 83' lang='lat' dir='ltr'><strong>eamque</strong></span> <span class='ocrx_word' id='word_1_60' title='bbox 1280 1044 1527 1108; x_wconf 83' lang='lat' dir='ltr'><strong>distorquet</strong></span> <span class='ocrx_word' id='word_1_61' title='bbox 1552 1051 1597 1094; x_wconf 89' lang='lat' dir='ltr'><strong>et</strong></span> <span class='ocrx_word' id='word_1_62' title='bbox 1617 1045 1777 1094; x_wconf 87' lang='lat' dir='ltr'><strong>inficit.</strong></span> 
     </span>
    </p>
   </div>
   <div class='ocr_carea' id='block_1_4' title="bbox 413 1155 1778 1301">
    <p class='ocr_par' dir='ltr' id='par_1_4' title="bbox 413 1155 1778 1301">
     <span class='ocr_line' id='line_1_11' title="bbox 961 1155 1128 1204; baseline 0 0"><span class='ocrx_word' id='word_1_63' title='bbox 961 1155 1128 1204; x_wconf 87' lang='lat' dir='ltr'>XLII.</span> 
     </span>
     <span class='ocr_line' id='line_1_12' title="bbox 413 1245 1778 1301; baseline -0.006 -1"><span class='ocrx_word' id='word_1_64' title='bbox 413 1248 664 1301; x_wconf 88' lang='lat' dir='ltr'><strong>IDOLA</strong></span> <span class='ocrx_word' id='word_1_65' title='bbox 690 1245 992 1298; x_wconf 87' lang='lat' dir='ltr'>SPECUS</span> <span class='ocrx_word' id='word_1_66' title='bbox 1029 1251 1132 1294; x_wconf 86' lang='lat' dir='ltr'><strong>sunt</strong></span> <span class='ocrx_word' id='word_1_67' title='bbox 1155 1245 1316 1294; x_wconf 89' lang='lat' dir='ltr'><strong>idola</strong></span> <span class='ocrx_word' id='word_1_68' title='bbox 1349 1245 1598 1293; x_wconf 88' lang='lat' dir='ltr'><strong>hominis</strong></span> <span class='ocrx_word' id='word_1_69' title='bbox 1623 1245 1778 1292; x_wconf 91' lang='lat' dir='ltr'><strong>indi-</strong></span> 
     </span>
    </p>
   </div>
   <div class='ocr_carea' id='block_1_5' title="bbox 299 1325 1778 2484">
    <p class='ocr_par' dir='ltr' id='par_1_5' title="bbox 299 1325 1778 2484">
     <span class='ocr_line' id='line_1_13' title="bbox 312 1325 1777 1390; baseline -0.007 -8"><span class='ocrx_word' id='word_1_70' title='bbox 312 1332 491 1382; x_wconf 86' lang='lat' dir='ltr'><strong>vidui.</strong></span> <span class='ocrx_word' id='word_1_71' title='bbox 561 1330 712 1378; x_wconf 81' lang='lat' dir='ltr'><strong>Habet</strong></span> <span class='ocrx_word' id='word_1_72' title='bbox 748 1328 865 1376; x_wconf 90' lang='lat' dir='ltr'><strong>enim</strong></span> <span class='ocrx_word' id='word_1_73' title='bbox 901 1326 1201 1390; x_wconf 86' lang='lat' dir='ltr'><strong>unusquisque</strong></span> <span class='ocrx_word' id='word_1_74' title='bbox 1240 1327 1437 1389; x_wconf 89' lang='lat' dir='ltr'><strong>[praeter</strong></span> <span class='ocrx_word' id='word_1_75' title='bbox 1468 1325 1777 1374; x_wconf 86' lang='lat' dir='ltr'><strong>aberrationcs</strong></span> 
     </span>
     <span class='ocr_line' id='line_1_14' title="bbox 311 1404 1775 1469; baseline -0.008 -8"><span class='ocrx_word' id='word_1_76' title='bbox 311 1419 498 1461; x_wconf 87' lang='lat' dir='ltr'><strong>naturae</strong></span> <span class='ocrx_word' id='word_1_77' title='bbox 554 1409 771 1457; x_wconf 88' lang='lat' dir='ltr'><strong>humanae</strong></span> <span class='ocrx_word' id='word_1_78' title='bbox 822 1408 870 1454; x_wconf 92' lang='lat' dir='ltr'><strong>in</strong></span> <span class='ocrx_word' id='word_1_79' title='bbox 922 1405 1103 1469; x_wconf 82' lang='lat' dir='ltr'><strong>genere]</strong></span> <span class='ocrx_word' id='word_1_80' title='bbox 1169 1421 1350 1468; x_wconf 82' lang='lat' dir='ltr'>specum</span> <span class='ocrx_word' id='word_1_81' title='bbox 1402 1404 1495 1451; x_wconf 82' lang='lat' dir='ltr'><strong>sive</strong></span> <span class='ocrx_word' id='word_1_82' title='bbox 1541 1419 1775 1451; x_wconf 83' lang='lat' dir='ltr'><strong>cavernam</strong></span> 
     </span>
     <span class='ocr_line' id='line_1_15' title="bbox 312 1482 1778 1558; baseline -0.009 -17"><span class='ocrx_word' id='word_1_83' title='bbox 312 1492 530 1558; x_wconf 89' lang='lat' dir='ltr'><strong>quandam</strong></span> <span class='ocrx_word' id='word_1_84' title='bbox 565 1487 855 1546; x_wconf 78' lang='lat' dir='ltr'><strong>individuam,</strong></span> <span class='ocrx_word' id='word_1_85' title='bbox 892 1501 1003 1549; x_wconf 89' lang='lat' dir='ltr'><strong>quae</strong></span> <span class='ocrx_word' id='word_1_86' title='bbox 1025 1486 1175 1532; x_wconf 90' lang='lat' dir='ltr'><strong>lumen</strong></span> <span class='ocrx_word' id='word_1_87' title='bbox 1194 1488 1379 1530; x_wconf 89' lang='lat' dir='ltr'><strong>naturae</strong></span> <span class='ocrx_word' id='word_1_88' title='bbox 1401 1482 1569 1545; x_wconf 81' lang='lat' dir='ltr'><strong>frangit</strong></span> <span class='ocrx_word' id='word_1_89' title='bbox 1603 1487 1647 1529; x_wconf 91' lang='lat' dir='ltr'><strong>et</strong></span> <span class='ocrx_word' id='word_1_90' title='bbox 1662 1484 1778 1529; x_wconf 69' lang='lat' dir='ltr'><strong>eor-</strong></span> 
     </span>
     <span class='ocr_line' id='line_1_16' title="bbox 308 1561 1778 1636; baseline -0.01 -16"><span class='ocrx_word' id='word_1_91' title='bbox 308 1571 500 1636; x_wconf 87' lang='lat' dir='ltr'><strong>rumpit3</strong></span> <span class='ocrx_word' id='word_1_92' title='bbox 546 1569 619 1617; x_wconf 81' lang='lat' dir='ltr'><strong>vel</strong></span> <span class='ocrx_word' id='word_1_93' title='bbox 657 1571 842 1632; x_wconf 86' lang='lat' dir='ltr'><strong>propter</strong></span> <span class='ocrx_word' id='word_1_94' title='bbox 872 1570 1076 1612; x_wconf 89' lang='lat' dir='ltr'><strong>naturam</strong></span> <span class='ocrx_word' id='word_1_95' title='bbox 1113 1563 1327 1626; x_wconf 85' lang='lat' dir='ltr'><strong>cujusque</strong></span> <span class='ocrx_word' id='word_1_96' title='bbox 1361 1561 1588 1626; x_wconf 80' lang='lat' dir='ltr'><strong>propriam</strong></span> <span class='ocrx_word' id='word_1_97' title='bbox 1620 1565 1664 1607; x_wconf 90' lang='lat' dir='ltr'><strong>et</strong></span> <span class='ocrx_word' id='word_1_98' title='bbox 1681 1561 1778 1607; x_wconf 88' lang='lat' dir='ltr'><strong>sin-</strong></span> 
     </span>
     <span class='ocr_line' id='line_1_17' title="bbox 309 1640 1775 1716; baseline -0.009 -17"><span class='ocrx_word' id='word_1_99' title='bbox 309 1652 538 1716; x_wconf 80' lang='lat' dir='ltr'><strong>gularem,</strong></span> <span class='ocrx_word' id='word_1_100' title='bbox 594 1648 666 1695; x_wconf 88' lang='lat' dir='ltr'><strong>vel</strong></span> <span class='ocrx_word' id='word_1_101' title='bbox 720 1650 906 1711; x_wconf 85' lang='lat' dir='ltr'><strong>propter</strong></span> <span class='ocrx_word' id='word_1_102' title='bbox 949 1642 1256 1691; x_wconf 79' lang='lat' dir='ltr'><strong>educationem</strong></span> <span class='ocrx_word' id='word_1_103' title='bbox 1301 1645 1346 1688; x_wconf 84' lang='lat' dir='ltr'><strong>et</strong></span> <span class='ocrx_word' id='word_1_104' title='bbox 1394 1640 1775 1687; x_wconf 83' lang='lat' dir='ltr'><strong>conversationem</strong></span> 
     </span>
     <span class='ocr_line' id='line_1_18' title="bbox 308 1719 1776 1790; baseline -0.007 -13"><span class='ocrx_word' id='word_1_105' title='bbox 308 1747 408 1778; x_wconf 88' lang='lat' dir='ltr'><strong>cum</strong></span> <span class='ocrx_word' id='word_1_106' title='bbox 440 1728 572 1789; x_wconf 85' lang='lat' dir='ltr'><strong>aliis,</strong></span> <span class='ocrx_word' id='word_1_107' title='bbox 610 1727 681 1774; x_wconf 87' lang='lat' dir='ltr'><strong>vel</strong></span> <span class='ocrx_word' id='word_1_108' title='bbox 710 1730 897 1790; x_wconf 85' lang='lat' dir='ltr'><strong>propter</strong></span> <span class='ocrx_word' id='word_1_109' title='bbox 926 1722 1165 1769; x_wconf 87' lang='lat' dir='ltr'><strong>lectionem</strong></span> <span class='ocrx_word' id='word_1_110' title='bbox 1195 1721 1411 1767; x_wconf 86' lang='lat' dir='ltr'><strong>librorum</strong></span> <span class='ocrx_word' id='word_1_111' title='bbox 1447 1724 1491 1766; x_wconf 91' lang='lat' dir='ltr'><strong>et</strong></span> <span class='ocrx_word' id='word_1_112' title='bbox 1515 1719 1776 1767; x_wconf 87' lang='lat' dir='ltr'><strong>autoritates</strong></span> 
     </span>
     <span class='ocr_line' id='line_1_19' title="bbox 307 1798 1777 1870; baseline -0.008 -14"><span class='ocrx_word' id='word_1_113' title='bbox 307 1825 460 1857; x_wconf 87' lang='lat' dir='ltr'><strong>eorum</strong></span> <span class='ocrx_word' id='word_1_114' title='bbox 492 1822 602 1870; x_wconf 86' lang='lat' dir='ltr'><strong>quos</strong></span> <span class='ocrx_word' id='word_1_115' title='bbox 640 1804 824 1870; x_wconf 84' lang='lat' dir='ltr'><strong>quisque</strong></span> <span class='ocrx_word' id='word_1_116' title='bbox 856 1802 964 1849; x_wconf 84' lang='lat' dir='ltr'><strong>colit</strong></span> <span class='ocrx_word' id='word_1_117' title='bbox 998 1805 1042 1847; x_wconf 88' lang='lat' dir='ltr'><strong>et</strong></span> <span class='ocrx_word' id='word_1_118' title='bbox 1072 1799 1285 1859; x_wconf 78' lang='lat' dir='ltr'><strong>miratur,</strong></span> <span class='ocrx_word' id='word_1_119' title='bbox 1322 1798 1390 1845; x_wconf 87' lang='lat' dir='ltr'><strong>vel</strong></span> <span class='ocrx_word' id='word_1_120' title='bbox 1425 1803 1609 1861; x_wconf 84' lang='lat' dir='ltr'><strong>propter</strong></span> <span class='ocrx_word' id='word_1_121' title='bbox 1644 1798 1777 1845; x_wconf 87' lang='lat' dir='ltr'><strong>diffe-</strong></span> 
     </span>
     <span class='ocr_line' id='line_1_20' title="bbox 307 1876 1774 1948; baseline -0.006 -15"><span class='ocrx_word' id='word_1_122' title='bbox 307 1886 475 1934; x_wconf 85' lang='lat' dir='ltr'><strong>rentias</strong></span> <span class='ocrx_word' id='word_1_123' title='bbox 519 1884 892 1948; x_wconf 83' lang='lat' dir='ltr'><strong>impressionum,</strong></span> <span class='ocrx_word' id='word_1_124' title='bbox 932 1884 1066 1945; x_wconf 89' lang='lat' dir='ltr'><strong>prout</strong></span> <span class='ocrx_word' id='word_1_125' title='bbox 1101 1881 1341 1926; x_wconf 88' lang='lat' dir='ltr'><strong>occurrunt</strong></span> <span class='ocrx_word' id='word_1_126' title='bbox 1372 1876 1418 1922; x_wconf 90' lang='lat' dir='ltr'><strong>in</strong></span> <span class='ocrx_word' id='word_1_127' title='bbox 1455 1877 1600 1923; x_wconf 87' lang='lat' dir='ltr'><strong>animo</strong></span> <span class='ocrx_word' id='word_1_128' title='bbox 1638 1893 1774 1940; x_wconf 86' lang='lat' dir='ltr'><strong>prae-</strong></span> 
     </span>
     <span class='ocr_line' id='line_1_21' title="bbox 306 1954 1772 2028; baseline -0.007 -16"><span class='ocrx_word' id='word_1_129' title='bbox 306 1968 523 2028; x_wconf 83' lang='lat' dir='ltr'><strong>occupato</strong></span> <span class='ocrx_word' id='word_1_130' title='bbox 560 1968 604 2010; x_wconf 89' lang='lat' dir='ltr'><strong>et</strong></span> <span class='ocrx_word' id='word_1_131' title='bbox 640 1959 966 2027; x_wconf 88' lang='lat' dir='ltr'><strong>praedisposito</strong></span> <span class='ocrx_word' id='word_1_132' title='bbox 993 1958 1137 2004; x_wconf 87' lang='lat' dir='ltr'><strong>autin</strong></span> <span class='ocrx_word' id='word_1_133' title='bbox 1174 1957 1319 2004; x_wconf 87' lang='lat' dir='ltr'><strong>animo</strong></span> <span class='ocrx_word' id='word_1_134' title='bbox 1351 1972 1491 2019; x_wconf 87' lang='lat' dir='ltr'><strong>aequo</strong></span> <span class='ocrx_word' id='word_1_135' title='bbox 1529 1960 1573 2002; x_wconf 89' lang='lat' dir='ltr'><strong>et</strong></span> <span class='ocrx_word' id='word_1_136' title='bbox 1600 1954 1772 2015; x_wconf 77' lang='lat' dir='ltr'><strong>sedato,</strong></span> 
     </span>
     <span class='ocr_line' id='line_1_22' title="bbox 306 2033 1774 2106; baseline -0.006 -16"><span class='ocrx_word' id='word_1_137' title='bbox 306 2044 377 2091; x_wconf 86' lang='lat' dir='ltr'><strong>vel</strong></span> <span class='ocrx_word' id='word_1_138' title='bbox 409 2041 652 2106; x_wconf 82' lang='lat' dir='ltr'><strong>ejusmodi3</strong></span> <span class='ocrx_word' id='word_1_139' title='bbox 701 2045 750 2087; x_wconf 92' lang='lat' dir='ltr'><strong>ut</strong></span> <span class='ocrx_word' id='word_1_140' title='bbox 784 2040 917 2104; x_wconf 88' lang='lat' dir='ltr'><strong>plane</strong></span> <span class='ocrx_word' id='word_1_141' title='bbox 950 2037 1135 2101; x_wconf 86' lang='lat' dir='ltr'><strong>spiritus</strong></span> <span class='ocrx_word' id='word_1_142' title='bbox 1167 2035 1410 2094; x_wconf 78' lang='lat' dir='ltr'><strong>humanus,</strong></span> <span class='ocrx_word' id='word_1_143' title='bbox 1446 2038 1581 2097; x_wconf 85' lang='lat' dir='ltr'><strong>prout</strong></span> <span class='ocrx_word' id='word_1_144' title='bbox 1617 2033 1774 2097; x_wconf 89' lang='lat' dir='ltr'><strong>dispo-</strong></span> 
     </span>
     <span class='ocr_line' id='line_1_23' title="bbox 302 2112 1771 2179; baseline -0.007 -12"><span class='ocrx_word' id='word_1_145' title='bbox 302 2121 425 2168; x_wconf 88' lang='lat' dir='ltr'><strong>nitur</strong></span> <span class='ocrx_word' id='word_1_146' title='bbox 471 2120 516 2166; x_wconf 91' lang='lat' dir='ltr'><strong>in</strong></span> <span class='ocrx_word' id='word_1_147' title='bbox 557 2119 808 2167; x_wconf 88' lang='lat' dir='ltr'><strong>hominibus</strong></span> <span class='ocrx_word' id='word_1_148' title='bbox 853 2116 1067 2179; x_wconf 84' lang='lat' dir='ltr'><strong>singulis,</strong></span> <span class='ocrx_word' id='word_1_149' title='bbox 1117 2115 1175 2162; x_wconf 90' lang='lat' dir='ltr'><strong>sit</strong></span> <span class='ocrx_word' id='word_1_150' title='bbox 1217 2130 1290 2161; x_wconf 81' lang='lat' dir='ltr'><strong>res</strong></span> <span class='ocrx_word' id='word_1_151' title='bbox 1335 2112 1457 2158; x_wconf 85' lang='lat' dir='ltr'><strong>varia</strong></span> <span class='ocrx_word' id='word_1_152' title='bbox 1503 2116 1548 2158; x_wconf 88' lang='lat' dir='ltr'><strong>et</strong></span> <span class='ocrx_word' id='word_1_153' title='bbox 1593 2112 1771 2158; x_wconf 90' lang='lat' dir='ltr'><strong>omnino</strong></span> 
     </span>
     <span class='ocr_line' id='line_1_24' title="bbox 301 2190 1770 2264; baseline -0.007 -17"><span class='ocrx_word' id='word_1_154' title='bbox 301 2199 561 2264; x_wconf 82' lang='lat' dir='ltr'><strong>perturbata</strong></span> <span class='ocrx_word' id='word_1_155' title='bbox 606 2203 652 2246; x_wconf 88' lang='lat' dir='ltr'><strong>et</strong></span> <span class='ocrx_word' id='word_1_156' title='bbox 705 2197 831 2262; x_wconf 87' lang='lat' dir='ltr'><strong>quasi</strong></span> <span class='ocrx_word' id='word_1_157' title='bbox 877 2195 1076 2243; x_wconf 86' lang='lat' dir='ltr'><strong>fortuita.</strong></span> <span class='ocrx_word' id='word_1_158' title='bbox 1141 2193 1272 2241; x_wconf 88' lang='lat' dir='ltr'><strong>Unde</strong></span> <span class='ocrx_word' id='word_1_159' title='bbox 1307 2193 1420 2238; x_wconf 82' lang='lat' dir='ltr'><strong>bene</strong></span> <span class='ocrx_word' id='word_1_160' title='bbox 1460 2190 1770 2238; x_wconf 80' lang='lat' dir='ltr'><strong>Heracli-</strong></span> 
     </span>
     <span class='ocr_line' id='line_1_25' title="bbox 301 2269 1770 2337; baseline -0.007 -10"><span class='ocrx_word' id='word_1_161' title='bbox 301 2287 437 2327; x_wconf 78' lang='lat' dir='ltr'><strong>tus:</strong></span> <span class='ocrx_word' id='word_1_162' title='bbox 502 2277 811 2325; x_wconf 74' lang='lat' dir='ltr'><strong>Homines</strong></span> <span class='ocrx_word' id='word_1_163' title='bbox 857 2274 1176 2324; x_wconf 73' lang='lat' dir='ltr'><strong>scientias</strong></span> <span class='ocrx_word' id='word_1_164' title='bbox 1222 2287 1528 2337; x_wconf 77' lang='lat' dir='ltr'><strong>quaerere</strong></span> <span class='ocrx_word' id='word_1_165' title='bbox 1571 2269 1634 2317; x_wconf 71' lang='lat' dir='ltr'><strong>in</strong></span> <span class='ocrx_word' id='word_1_166' title='bbox 1661 2269 1770 2317; x_wconf 57' lang='lat' dir='ltr'><strong>mia·</strong></span> 
     </span>
     <span class='ocr_line' id='line_1_26' title="bbox 301 2347 1767 2415; baseline -0.006 -10"><span class='ocrx_word' id='word_1_167' title='bbox 301 2358 566 2406; x_wconf 78' lang='lat' dir='ltr'><strong>neribus</strong></span> <span class='ocrx_word' id='word_1_168' title='bbox 604 2355 883 2410; x_wconf 75' lang='lat' dir='ltr'><strong>mundis,</strong></span> <span class='ocrx_word' id='word_1_169' title='bbox 942 2362 1006 2403; x_wconf 78' lang='lat' dir='ltr'><strong>et</strong></span> <span class='ocrx_word' id='word_1_170' title='bbox 1047 2370 1172 2402; x_wconf 78' lang='lat' dir='ltr'><strong>non</strong></span> <span class='ocrx_word' id='word_1_171' title='bbox 1215 2353 1284 2400; x_wconf 77' lang='lat' dir='ltr'><strong>in</strong></span> <span class='ocrx_word' id='word_1_172' title='bbox 1330 2351 1578 2415; x_wconf 75' lang='lat' dir='ltr'><strong>majore</strong></span> <span class='ocrx_word' id='word_1_173' title='bbox 1634 2347 1767 2396; x_wconf 78' lang='lat' dir='ltr'><strong>sive</strong></span> 
     </span>
     <span class='ocr_line' id='line_1_27' title="bbox 299 2436 623 2484; baseline 0.003 -1"><span class='ocrx_word' id='word_1_174' title='bbox 299 2436 623 2484; x_wconf 75' lang='lat' dir='ltr'><strong>communi.</strong></span> 
     </span>
    </p>
   </div>
   <div class='ocr_carea' id='block_1_6' title="bbox 933 2513 1123 2563">
    <p class='ocr_par' dir='ltr' id='par_1_6' title="bbox 933 2513 1123 2563">
     <span class='ocr_line' id='line_1_28' title="bbox 933 2513 1123 2563; baseline -0.011 0"><span class='ocrx_word' id='word_1_175' title='bbox 933 2513 1123 2563; x_wconf 89' lang='lat' dir='ltr'>XLIII.</span> 
     </span>
    </p>
   </div>
   <div class='ocr_carea' id='block_1_7' title="bbox 286 2598 1764 2988">
    <p class='ocr_par' dir='ltr' id='par_1_7' title="bbox 286 2598 1764 2988">
     <span class='ocr_line' id='line_1_29' title="bbox 393 2598 1764 2670; baseline -0.006 -15"><span class='ocrx_word' id='word_1_176' title='bbox 393 2607 513 2656; x_wconf 84' lang='lat' dir='ltr'><strong>Sunt</strong></span> <span class='ocrx_word' id='word_1_177' title='bbox 558 2607 690 2655; x_wconf 87' lang='lat' dir='ltr'><strong>etiam</strong></span> <span class='ocrx_word' id='word_1_178' title='bbox 733 2607 890 2654; x_wconf 90' lang='lat' dir='ltr'><strong>idola</strong></span> <span class='ocrx_word' id='word_1_179' title='bbox 935 2612 1144 2670; x_wconf 88' lang='lat' dir='ltr'><strong>tanquam</strong></span> <span class='ocrx_word' id='word_1_180' title='bbox 1176 2620 1233 2651; x_wconf 84' lang='lat' dir='ltr'><strong>ex</strong></span> <span class='ocrx_word' id='word_1_181' title='bbox 1269 2606 1503 2650; x_wconf 87' lang='lat' dir='ltr'><strong>contractu</strong></span> <span class='ocrx_word' id='word_1_182' title='bbox 1539 2605 1584 2647; x_wconf 87' lang='lat' dir='ltr'><strong>et</strong></span> <span class='ocrx_word' id='word_1_183' title='bbox 1618 2598 1764 2647; x_wconf 86' lang='lat' dir='ltr'><strong>socie-</strong></span> 
     </span>
     <span class='ocr_line' id='line_1_30' title="bbox 295 2676 1762 2749; baseline -0.005 -17"><span class='ocrx_word' id='word_1_184' title='bbox 295 2691 387 2733; x_wconf 87' lang='lat' dir='ltr'><strong>tate</strong></span> <span class='ocrx_word' id='word_1_185' title='bbox 412 2686 593 2732; x_wconf 85' lang='lat' dir='ltr'><strong>humani</strong></span> <span class='ocrx_word' id='word_1_186' title='bbox 615 2686 793 2749; x_wconf 82' lang='lat' dir='ltr'><strong>generis</strong></span> <span class='ocrx_word' id='word_1_187' title='bbox 820 2686 874 2732; x_wconf 88' lang='lat' dir='ltr'><strong>ad</strong></span> <span class='ocrx_word' id='word_1_188' title='bbox 894 2686 1100 2746; x_wconf 82' lang='lat' dir='ltr'><strong>invicem,</strong></span> <span class='ocrx_word' id='word_1_189' title='bbox 1133 2699 1244 2749; x_wconf 89' lang='lat' dir='ltr'><strong>quae</strong></span> <span class='ocrx_word' id='word_1_190' title='bbox 1277 2679 1525 2729; x_wconf 86' lang='lat' dir='ltr'><strong>IDOLA</strong></span> <span class='ocrx_word' id='word_1_191' title='bbox 1553 2677 1593 2725; x_wconf 90' lang='lat' dir='ltr'>F</span> <span class='ocrx_word' id='word_1_192' title='bbox 1607 2676 1762 2738; x_wconf 89' lang='lat' dir='ltr'><strong>ORI,</strong></span> 
     </span>
     <span class='ocr_line' id='line_1_31' title="bbox 292 2756 1760 2829; baseline -0.007 -17"><span class='ocrx_word' id='word_1_193' title='bbox 292 2770 531 2829; x_wconf 88' lang='lat' dir='ltr'><strong>propter</strong></span> <span class='ocrx_word' id='word_1_194' title='bbox 566 2765 852 2812; x_wconf 88' lang='lat' dir='ltr'><strong>hominum</strong></span> <span class='ocrx_word' id='word_1_195' title='bbox 877 2763 1282 2812; x_wconf 82' lang='lat' dir='ltr'><strong>commercium</strong></span> <span class='ocrx_word' id='word_1_196' title='bbox 1311 2765 1363 2807; x_wconf 87' lang='lat' dir='ltr'><strong>et</strong></span> <span class='ocrx_word' id='word_1_197' title='bbox 1386 2756 1760 2817; x_wconf 78' lang='lat' dir='ltr'><strong>consortium,</strong></span> 
     </span>
     <span class='ocr_line' id='line_1_32' title="bbox 291 2835 1760 2907; baseline -0.005 -18"><span class='ocrx_word' id='word_1_198' title='bbox 291 2845 584 2907; x_wconf 86' lang='lat' dir='ltr'><strong>appellamus.</strong></span> <span class='ocrx_word' id='word_1_199' title='bbox 652 2842 869 2891; x_wconf 85' lang='lat' dir='ltr'><strong>Homines</strong></span> <span class='ocrx_word' id='word_1_200' title='bbox 904 2843 1020 2891; x_wconf 92' lang='lat' dir='ltr'><strong>enim</strong></span> <span class='ocrx_word' id='word_1_201' title='bbox 1055 2858 1136 2905; x_wconf 89' lang='lat' dir='ltr'><strong>per</strong></span> <span class='ocrx_word' id='word_1_202' title='bbox 1171 2854 1396 2888; x_wconf 89' lang='lat' dir='ltr'><strong>sermones</strong></span> <span class='ocrx_word' id='word_1_203' title='bbox 1431 2835 1676 2894; x_wconf 81' lang='lat' dir='ltr'><strong>sociantur,</strong></span> <span class='ocrx_word' id='word_1_204' title='bbox 1713 2841 1760 2882; x_wconf 90' lang='lat' dir='ltr'><strong>at</strong></span> 
     </span>
     <span class='ocr_line' id='line_1_33' title="bbox 286 2912 1756 2988; baseline -0.005 -20"><span class='ocrx_word' id='word_1_205' title='bbox 286 2922 419 2968; x_wconf 85' lang='lat' dir='ltr'><strong>verba</strong></span> <span class='ocrx_word' id='word_1_206' title='bbox 452 2939 506 2969; x_wconf 84' lang='lat' dir='ltr'><strong>ex</strong></span> <span class='ocrx_word' id='word_1_207' title='bbox 553 2929 686 2988; x_wconf 80' lang='lat' dir='ltr'><strong>captu</strong></span> <span class='ocrx_word' id='word_1_208' title='bbox 733 2923 855 2987; x_wconf 82' lang='lat' dir='ltr'><strong>vulgi</strong></span> <span class='ocrx_word' id='word_1_209' title='bbox 890 2922 1192 2986; x_wconf 85' lang='lat' dir='ltr'><strong>imponuntur.</strong></span> <span class='ocrx_word' id='word_1_210' title='bbox 1263 2917 1417 2982; x_wconf 83' lang='lat' dir='ltr'><strong>[taque</strong></span> <span class='ocrx_word' id='word_1_211' title='bbox 1446 2914 1565 2962; x_wconf 88' lang='lat' dir='ltr'><strong>mala</strong></span> <span class='ocrx_word' id='word_1_212' title='bbox 1601 2918 1646 2962; x_wconf 88' lang='lat' dir='ltr'><strong>et</strong></span> <span class='ocrx_word' id='word_1_213' title='bbox 1679 2912 1756 2961; x_wconf 86' lang='lat' dir='ltr'><strong>in-</strong></span> 
     </span>
    </p>
   </div>
  </div>
 </body>
</html>
