2064 3490
511 278 853 318 DELlNEATw
886 290 932 316 Εἰ·
963 275 1378 316 ARGUMENTL'M.
1624 272 1681 316 31

204 393 299 441 cari
334 400 568 457 oporteat,
615 400 770 457 utpote
802 408 914 455 quae
946 388 1274 454 praedisposita
1299 388 1589 451 sequentibus
1613 387 1685 434 sa-

203 489 299 521 cem
324 473 543 538 quandam
571 472 858 536 praeferunt,
899 476 974 516 aut
996 469 1051 515 ob
1079 468 1347 532 exquisitam
1369 467 1682 514 certitudinem

201 554 249 600 in
279 571 356 613 se,
389 559 465 600 aut
486 553 540 599 ob
561 558 766 616 naturam
795 550 1123 608 universalem,
1172 553 1249 594 aut
1276 548 1331 594 ob
1369 546 1684 594 necessitatem

203 632 259 679 ad
287 633 578 696 probationes
625 631 927 679 mechanicas.
999 629 1194 692 Atque
1239 628 1334 674 hic
1382 627 1490 672 ιιιίιι
1506 626 1684 672 istra-

202 712 388 772 tioni,
437 729 582 776 quae
636 712 700 759 ad
757 721 1228 761 CONTEMPLATI
1247 722 1369 757 vAM
1418 722 1491 756 ΡΛ
1510 719 1682 756 RTEM

201 798 465 856 spectat,
504 793 680 840 finem
719 792 1090 855 imponimus.

300 886 588 922 ACTIVAM
630 877 824 918 autem
878 884 1129 919 PARTEM
1166 885 1219 916 ac
1257 868 1355 931 ejus
1384 864 1684 912 ministratio-

200 968 299 999 nem
361 953 440 998 tri
457 951 603 1015 plici
655 950 718 997 do
733 950 889 997 ctrin
905 966 930 995 a
987 949 1274 1007 claudemus,
1322 947 1360 993 si
1404 946 1530 1009 prius
1571 944 1597 990 d
1615 961 1639 990 ιι
1657 960 1681 991 0

198 1031 414 1078 monita
458 1031 512 1077 ad
549 1029 815 1095 aperiendas
852 1029 1081 1076 hominnm
1113 1032 1284 1075 mentes
1328 1025 1683 1089 praemittamus.

196 1110 373 1158 Horum
410 1112 647 1175 primum
687 1117 772 1170 est,
810 1110 856 1156 in
878 1109 1171 1173 inquisitione
1192 1123 1261 1167 ea,
1284 1122 1396 1170 quae
1418 1106 1467 1152 fit
1489 1121 1570 1169 per
1587 1104 1684 1151 for—

198 1191 360 1236 mulam
373 1227 386 1250 ,
441 1191 559 1238 inter
604 1207 629 1238 c
643 1207 667 1237 0
680 1196 739 1237 nt
756 1207 779 1237 e
798 1207 838 1236 ιιι
855 1207 882 1254 p
896 1189 1007 1236 lati
1023 1206 1047 1235 v
1061 1205 1141 1234 am
1198 1194 1372 1252 partem
1435 1201 1460 1232 a
1474 1202 1497 1232 c
1509 1191 1525 1231 t
1537 1185 1553 1230 i
1567 1201 1590 1230 v
1602 1200 1682 1230 am

199 1271 342 1334 ipsam
366 1277 583 1335 perpetuo
604 1271 925 1317 intercurrere.
995 1268 1098 1316 Hoc
1118 1268 1236 1315 enim
1260 1267 1349 1313 fert
1376 1282 1523 1312 rerum
1548 1270 1684 1311 natu-

199 1366 278 1410 ra,
316 1357 365 1398 ut
387 1351 718 1415 propositiones
738 1356 782 1397 et
805 1350 1033 1396 axiomata
1055 1365 1081 1396 a
1108 1349 1251 1412 magis
1279 1345 1568 1410 generalibus
1602 1360 1683 1408 per

198 1431 628 1494 argumentationem
656 1430 939 1477 dialecticam
965 1429 1156 1476 deducta
1180 1434 1224 1476 et
1245 1427 1462 1485 derivata,
1501 1424 1553 1470 ad
1576 1440 1684 1488 par-

198 1511 408 1558 ticularia
445 1516 488 1558 et
520 1527 657 1574 opera
688 1511 877 1557 obscure
921 1509 1157 1556 admodum
1195 1514 1239 1556 et
1272 1508 1445 1554 incerto
1475 1506 1682 1551 innuant.

198 1590 331 1650 Quod
355 1596 504 1637 autem
526 1607 582 1638 ex
607 1590 958 1653 particularibus
980 1590 1160 1636 axioma
1189 1588 1421 1646 educitur,
1477 1585 1534 1631 ad
1566 1600 1682 1631 nova

196 1670 518 1735 particularia,
555 1676 781 1734 tamquam
806 1669 1208 1733 correspondentia
1233 1667 1471 1724 manifesto
1498 1671 1542 1712 et
1569 1681 1682 1711 con-

199 1751 335 1799 stanti
358 1751 538 1798 tramite
564 1749 713 1797 ducat.
785 1750 886 1798 Alt
905 1767 928 1797 e
944 1767 1062 1797 rum
1098 1748 1356 1814 hujusmodi
1380 1751 1475 1806 est,
1512 1750 1562 1792 ut
1587 1761 1682 1792 mc—

200 1831 411 1878 minerint
434 1830 637 1877 homines
651 1868 664 1891 ‚
701 1830 748 1876 in
797 1831 856 1877 in
872 1849 897 1894 q
915 1848 941 1877 ιι
953 1831 968 1876 i
981 1848 1002 1877 s
1014 1830 1084 1877 iti
1100 1847 1125 1877 o
1141 1847 1170 1876 n
1182 1846 1206 1876 e
1253 1844 1279 1875 a
1294 1844 1316 1875 c
1330 1834 1347 1874 t
1361 1827 1375 1872 i
1390 1844 1412 1874 v
1429 1843 1453 1873 a
1498 1842 1681 1873 necesse

198 1927 325 1971 csse,
358 1928 451 1958 rem
473 1928 553 1975 per
583 1912 749 1958 scalam
779 1910 1140 1971 descensoriam,
1173 1909 1302 1972 cujus
1337 1924 1464 1954 usum
1496 1907 1541 1952 in
1568 1923 1682 1954 con-

197 1991 459 2054 templativa
485 1992 773 2052 sustulimus,
807 1991 986 2039 confici.
1058 1989 1221 2038 Omnis
1244 1988 1361 2036 enim
1398 1986 1601 2051 operatio
1635 1986 1681 2032 in

198 2070 440 2118 individuis
461 2077 692 2133 versatur,
730 2088 843 2136 quae
868 2072 1020 2119 infimo
1046 2072 1148 2118 loco
1173 2074 1293 2117 sunt.
1364 2067 1523 2130 Itaque
1547 2083 1572 2114 a
1597 2084 1682 2131 ge-

197 2151 427 2198 neralibus
449 2168 530 2216 per
548 2152 713 2216 gradus
736 2152 791 2199 ad
815 2169 868 2200 ea
896 2150 1254 2200 descendendum
1274 2153 1358 2195 est.
1392 2146 1553 2210 Neque
1576 2163 1682 2192 rur—

196 2248 273 2279 sus
298 2231 396 2280 fieri
420 2239 587 2296 potest,
624 2239 674 2281 ut
693 2250 776 2297 per
799 2232 1024 2279 axiomata
1041 2230 1266 2295 simplicia
1289 2228 1343 2275 ad
1367 2244 1419 2275 ea
1439 2227 1682 2292 pervenia-

198 2317 296 2372 tur3
334 2330 495 2361 omne
528 2314 671 2361 enim
711 2330 851 2377 opus
886 2318 1056 2376 atque
1094 2311 1218 2375 ejus
1269 2309 1423 2355 ratio
1455 2325 1525 2355 ex
1563 2307 1681 2355 coi-

197 2392 358 2440 tione
403 2394 757 2442 axiomatum
805 2393 1174 2440 diversorum
1227 2388 1578 2436 instituitur
1628 2394 1680 2435 et

199 2471 564 2535 designatur.

301 2551 460 2616 Itaque
477 2553 589 2601 haec
613 2552 807 2618 praefati
830 2552 891 2599 ad
930 2551 1226 2616 triplicem
1256 2550 1418 2596 illam
1458 2547 1483 2594 d
1501 2546 1681 2595 octri-

198 2648 319 2679 nam
356 2648 383 2679 a
399 2633 482 2680 cti
497 2649 609 2680 vam
647 2651 709 2681 ve
724 2633 779 2680 ni
795 2649 818 2679 e
834 2650 873 2678 m
888 2649 971 2691 us3
1011 2648 1196 2696 quarum
1233 2648 1262 2694 p
1278 2630 1380 2676 rim
1395 2645 1420 2675 a
1468 2627 1682 2693 proponit

197 2713 376 2760 modum
401 2713 706 2778 inquisitionis
729 2713 988 2760 distinctum
1011 2717 1056 2759 et
1076 2712 1306 2777 proprium
1322 2746 1338 2772 ,
1374 2710 1453 2757 ubi
1476 2726 1564 2756 non
1584 2708 1678 2772 jam

199 2809 336 2841 causa
354 2799 431 2841 aut
455 2794 662 2855 axioma,
699 2792 778 2840 sed
812 2793 962 2856 operis
996 2793 1190 2856 alicujus
1222 2791 1399 2839 effectio
1436 2806 1493 2837 ex
1527 2788 1680 2833 inten-

199 2873 320 2922 tione
347 2879 433 2936 est,
458 2880 590 2939 atque
614 2873 898 2938 inquisitioni
921 2873 1178 2936 subjicitur.
1230 2870 1342 2919 Sec
1357 2868 1502 2916 unda
1526 2871 1680 2914 osten-

203 2951 268 2999 dit
302 2953 515 3002 modum
552 2954 853 3003 conficien
873 2953 929 3000 di
974 2953 1203 3000 tabulas
1233 2949 1548 3014 practicus
1585 2964 1680 3012 ge-
