2031 3490
650 279 897 324 INDEX
942 279 1212 324 RERUM.
1578 275 1671 324 141

902 399 962 443 Β
1546 417 1595 445 Pa
1621 416 1673 445 ina

185 463 436 510 Baconus
463 470 524 509 de
551 467 852 506 Verulamio
880 468 954 506 vid.
984 468 1226 506 Verulam
1597 424 1617 452 g

185 528 335 566 Basis
370 533 417 563 et
451 525 842 563 fundamentum
879 522 1247 573 philosophiae
1284 522 1549 560 naturalis
1603 529 1676 567 107

186 578 335 616 nasis
371 576 446 613 rei
505 599 1550 613 .................
1624 579 1676 616 45

185 629 351 667 Beant
385 626 591 662 inventa
619 627 659 659 et
683 621 908 660 beneficium
934 622 1111 661 deserunt
1148 650 1547 662 .......
1601 629 1677 665 134

185 675 461 716 Beneficia
489 675 821 712 inventorum
902 700 1549 712 ...........
1604 680 1676 716 133

184 725 564 766 Bibliothecae
628 750 638 759 .
701 748 1548 762 ..............
1627 731 1678 766 92

184 776 377 824 Borgia
405 774 454 812 de
483 775 612 812 Caroli
639 786 739 814 ΠΗ.
769 773 910 823 exped.
940 772 1041 810 Gall.
1071 773 1109 809 in
1137 773 1283 810 Italiam
1345 802 1356 812 .
1410 801 1419 810 .
1475 802 1483 810 .
1533 775 1595 812 34.
1627 781 1678 817 50

185 827 373 865 Bullae
402 837 645 876 aquarum
698 850 1550 865 ..............
1628 833 1677 867 96

907 918 952 964 (J

189 986 388 1046 Caecus
414 1003 462 1035 et
488 997 732 1047 stupidus
760 996 936 1034 modus
964 996 1270 1046 experiendi
1342 1025 1352 1034 .
1407 1025 1416 1034 .
1471 1025 1481 1036 .
1536 1025 1548 1036 .
1624 1005 1674 1041 73

187 1053 416 1097 Caloris,
443 1052 571 1088 astri
600 1058 646 1089 et
674 1051 807 1100 ignis
833 1051 1178 1100 heterogenia
1204 1058 1253 1089 et
1280 1051 1451 1090 mistio
1475 1080 1484 1090 .
1537 1059 1598 1094 95.
1626 1061 1676 1097 63

186 1102 376 1140 Cardui
405 1108 453 1139 et
481 1102 661 1152 spinae
697 1128 1548 1142 ..............
1625 1110 1676 1147 79

187 1151 488 1191 Carneades
548 1179 561 1190 .
626 1179 636 1190 .
700 1178 711 1189 .
775 1178 785 1188 .
838 1180 847 1188 .
898 1179 910 1189 .
963 1178 974 1189 .
1028 1178 1038 1188 .
1091 1177 1103 1189 .
1159 1178 1167 1188 .
1221 1173 1234 1189 .
1285 1178 1551 1192 .....
1627 1161 1677 1196 76

187 1203 373 1250 Casus,
399 1202 505 1239 notio
562 1228 572 1239 .
636 1230 646 1240 .
698 1228 710 1240 .
764 1228 773 1238 .
828 1202 854 1238 .'
892 1227 1161 1239 .....
1174 1214 1176 1216 ’
1215 1229 1548 1241 ......
1626 1210 1677 1246 88

314 1252 471 1302 aliquiS‚
508 1263 586 1289 non
609 1252 732 1288 minus
758 1251 796 1288 in
821 1250 1114 1301 cogitationibus
1139 1250 1335 1301 humanis,
1370 1264 1484 1303 quam
1512 1254 1549 1290 in

360 1302 540 1352 operibus
566 1308 605 1339 et
627 1302 737 1339 factis
764 1327 1547 1342 .............
1604 1309 1677 1347 128

186 1352 316 1390 Casu
345 1360 393 1389 et
420 1364 509 1401 per
540 1352 856 1388 occasionem
885 1351 1096 1388 inventa
1150 1378 1484 1390 ......
1514 1355 1578 1392 44.
1604 1360 1678 1396 114

187 1403 352 1440 Causa
381 1409 430 1440 et
460 1401 603 1438 radix
632 1402 843 1438 omnium
873 1401 1112 1438 malorum
1155 1428 1548 1443 .......
1625 1411 1677 1447 44

188 1453 220 1490 C
238 1465 390 1491 ausae
414 1464 636 1490 errorum
666 1465 718 1488 sv.
745 1451 1026 1488 obstaculorum
1056 1451 1091 1487 in
1120 1451 1286 1488 scientiis
1351 1478 1362 1489 .
1416 1480 1427 1490 .
1480 1457 1675 1496 82—101

315 1504 439 1552 prima
465 1501 628 1539 refertur
655 1501 703 1538 ad
726 1502 920 1549 angustias
942 1508 1057 1551 temp.
1083 1513 1175 1551 erga
1201 1502 1376 1538 scientias
1395 1504 1548 1553 propitii
1627 1511 1676 1547 83

311 1553 491 1600 secunda,
505 1552 757 1589 adminimam
772 1558 868 1601 part.
883 1552 983 1588 hum.
999 1563 1142 1600 operae
1158 1552 1193 1589 in
1209 1552 1425 1602 philosoph.
1441 1562 1516 1591 nat.
1544 1557 1603 1593 83.
1627 1560 1677 1596 84

312 1604 445 1652 altera,
474 1602 522 1639 ad
551 1603 832 1651 separationem
860 1602 1102 1639 scientiarum
1141 1613 1163 1639 a
1193 1602 1383 1639 radicibus
1411 1604 1486 1640 suis
1539 1608 1599 1643 85.
1626 1610 1676 1646 86

311 1655 443 1702 altera,
474 1651 522 1689 ad
550 1660 690 1689 metam
719 1664 794 1688 non
823 1659 927 1689 recte
955 1652 1117 1701 positam
1159 1680 1168 1689 .
1219 1680 1230 1691 .
1258 1693 1261 1694 ⁷
1282 1679 1549 1692 .....
1627 1660 1677 1697 86

311 1705 445 1749 altera,
474 1702 522 1739 ad
551 1703 647 1739 viam
673 1714 874 1739 erroneam
900 1709 938 1739 et
963 1703 1185 1752 imperviam
1216 1729 1482 1742 .....
1536 1708 1597 1743 87.
1627 1710 1678 1746 88

313 1755 448 1799 altera,
474 1753 522 1789 ad
552 1753 805 1789 reverentiam
833 1753 1067 1802 antiquitatis
1095 1760 1133 1789 et
1161 1753 1325 1789 virorum
1350 1780 1359 1789 .
1414 1781 1423 1791 .
1475 1781 1487 1792 .
1538 1782 1549 1791 .
1626 1760 1676 1797 89

313 1805 446 1852 altera,
473 1802 520 1840 ad
549 1802 839 1839 admirationem
859 1803 1108 1852 operumjam
1129 1803 1277 1853 pridem
1297 1803 1483 1840 factorum
1507 1808 1676 1846 90—95

312 1855 444 1901 altera,
471 1852 520 1890 ad
547 1852 892 1902 pusillanimitatem
961 1879 1484 1891 .........
1506 1859 1677 1895 95-97

313 1905 446 1951 altera,
474 1903 522 1940 ad
549 1903 853 1952 superstitionem
879 1909 917 1939 et
944 1902 1066 1939 zelum
1096 1902 1390 1940 immoderatum
1467 1930 1479 1942 .
1508 1908 1677 1946 97—99

314 1955 446 2001 altera,
474 1953 522 1990 ad
551 1965 676 1990 mores
702 1960 741 1990 et
767 1953 938 1989 instituta
965 1952 1178 1990 scholarum
1210 1960 1281 1990 etc.
1346 1980 1358 1991 .
1413 1981 1421 1991 .
1477 1981 1486 1991 .
1516 1958 1577 1993 99.
1605 1960 1677 1995 100

314 2005 448 2049 altera,
475 2004 523 2040 ad
553 2010 710 2040 conatus
736 2010 775 2040 et
800 2002 1002 2040 industrias
1029 2003 1209 2052 praemiis
1235 2010 1407 2040 carentes
1474 2031 1482 2040 .
1538 2032 1547 2041 .
1603 2009 1678 2045 100

315 2055 451 2099 altera,
477 2054 526 2090 ad
555 2053 864 2103 desperationem
911 2053 1108 2090 hominum
1162 2060 1202 2090 et
1245 2053 1548 2103 suppositionem

383 2103 624 2153 impossibilis
661 2131 670 2141 .
718 2130 730 2141 .
780 2130 791 2140 .
839 2130 850 2140 .
905 2130 914 2139 .
963 2131 972 2140 .
1022 2131 1032 2139 .
1087 2130 1096 2139 .
1151 2129 1161 2138 .
1216 2130 1228 2141 .
1281 2129 1294 2141 .
1345 2131 1354 2139 .
1605 2109 1676 2145 101

189 2154 474 2192 Causarum
503 2153 791 2204 explicatio
818 2152 914 2190 tollit
940 2153 1163 2190 miraculum
1217 2179 1483 2191 .....
1537 2157 1600 2192 22.
1627 2160 1676 2195 75

189 2204 467 2242 Causarum
495 2203 768 2253 inquisitio
822 2229 1547 2242 ............
1628 2209 1677 2245 29

189 2253 399 2302 Celsus,
427 2254 475 2291 de
500 2252 771 2303 experimentis
794 2251 1007 2290 medicinae
1034 2279 1550 2292 .........
1627 2260 1678 2295 ’78

191 2303 372 2341 Celtae
436 2330 445 2341 .
508 2328 1551 2341 .................
1628 2309 1679 2345 77

193 2352 472 2391 Centuriae
495 2353 736 2389 scientiarum
766 2352 967 2401 proventui
996 2353 1104 2390 utiles
1153 2379 1549 2391 .......
1629 2359 1678 2395 83

191 2403 397 2441 Certam
425 2404 546 2439 viam
576 2406 728 2440 menti
756 2402 1012 2451 aperimus
1087 2429 1486 2441 .......
1541 2407 1601 2442 12.
1629 2408 1679 2444 73

192 2453 349 2491 Certo
378 2460 426 2491 et
451 2453 697 2490 ostensive
724 2453 858 2489 scire
900 2479 1553 2491 ...........
1631 2458 1678 2494 15

192 2502 418 2541 Chartae
444 2504 524 2540 sive
551 2503 704 2540 tabulae
731 2510 883 2539 nostrae
912 2502 1151 2552 inveniendi,
1188 2502 1488 2553 praecedentes,
1514 2504 1552 2541 in

368 2554 518 2591 chartas
547 2553 713 2591 novellas
743 2553 1062 2602 transportandae
1089 2580 1551 2592 ........
1629 2557 1679 2592 26

192 2602 521 2654 Chrysippus
573 2629 1551 2642 ................
1629 2608 1678 2643 76

192 2653 555 2703 Chymicorum
583 2653 889 2704 experimentum
918 2652 955 2689 in
987 2666 1081 2690 auro
1158 2679 1484 2691 ......
1539 2680 1552 2692 .
1628 2657 1680 2692 74

318 2704 472 2741 inventa
513 2729 1550 2742 .................
1629 2707 1680 2741 78

313 2754 556 2805 philosophia
584 2778 1551 2791 ................
1630 2757 1680 2791 58

192 2805 459 2844 Ciceronis
489 2812 664 2854 tempora
700 2828 1552 2841 ..............
1630 2805 1678 2841 81

193 2855 358 2893 Citius
383 2862 555 2905 emerget
585 2854 723 2891 veritas
749 2865 771 2890 e
802 2850 967 2889 salsitate
997 2865 1111 2902 quam
1140 2865 1162 2890 e
1191 2851 1414 2889 confusione
1476 2879 1485 2889 .
1630 2855 1679 2890 26

194 2903 436 2943 Claudum
464 2918 502 2942 m
530 2905 612 2951 via,
651 2914 843 2940 cursorem
872 2909 981 2939 extra
1013 2903 1109 2939 viam
1137 2909 1376 2939 antevertere
1409 2928 1421 2939 .
1475 2928 1487 2939 .
1543 2905 1604 2939 10.
1630 2905 1679 2941 63

194 2954 460 2994 Coelestia
486 2968 537 2994 sv.
565 2962 668 2992 astra
711 2977 1487 2993 .............
1551 2954 1678 2992 54.Οό
