1947 3456
287 288 351 337 (Ἁ-
806 283 1233 329 VERULAMII

283 413 340 460 lis
361 410 418 457 sit
440 408 609 468 aditus,
646 415 690 455 et
716 408 971 455 intellectus
995 406 1212 452 humanus
1235 401 1455 450 volentius
1476 406 1749 465 expurgetur

285 498 329 538 et
364 488 524 536 idola
561 487 767 533 dimittat.

935 604 1100 653 LXII.

383 695 606 746 IDOLA
631 695 935 745 THEATRI
960 692 1113 744 SIVE
1139 690 1589 740 THEORIARUM
1615 708 1655 738 m
1671 691 1752 737 ul-

286 785 344 826 ta
380 781 538 837 sunt,
572 781 626 823 et
659 777 839 823 multo
875 776 1039 839 plura
1079 788 1201 821 esse
1245 777 1513 836 possunt,
1553 776 1608 818 et
1643 770 1752 816 ali-

287 856 510 923 quando
548 855 805 902 fortasse
844 859 1029 901 erunt.
1098 851 1202 899 Nisi
1233 851 1349 898 enim
1382 867 1464 914 per
1491 850 1631 895 multa
1661 849 1753 912 jam

286 937 493 995 saecula,
529 934 753 981 hominum
778 933 959 995 ingenia
986 932 1107 979 eirca
1130 930 1390 992 religionem
1413 934 1456 976 et
1484 927 1754 990 theologiam

287 1020 505 1078 occupata
524 1013 739 1071 fuissent,
777 1017 907 1074 atque
929 1011 1061 1058 etiam
1086 1009 1270 1072 politiae
1292 1008 1446 1055 civiles
1475 1006 1755 1071 [praesertim

286 1092 589 1152 monarchiae]
633 1092 687 1137 ab
710 1089 961 1136 istiusmodi
979 1087 1278 1147 novitatibus,
1319 1087 1450 1133 etiam
1481 1087 1528 1131 in
1553 1090 1756 1132 contem-

286 1171 585 1237 plationibus,
633 1173 782 1216 essent
828 1182 1038 1227 aversae,
1074 1171 1148 1227 ut,
1198 1172 1305 1212 eum‘
1343 1165 1544 1228 periculo
1593 1169 1638 1211 et
1674 1163 1756 1211 de-

284 1253 494 1299 trimento
512 1249 790 1296 fortunarum
817 1262 995 1293 suarum
1015 1246 1062 1292 in
1082 1245 1203 1305 illas,
1239 1243 1440 1291 homines
1480 1243 1755 1301 incumbant,

287 1348 374 1378 non
415 1330 557 1377 solum
602 1325 801 1390 praemio
840 1325 1068 1386 destituti,
1129 1323 1207 1372 sed
1252 1323 1386 1370 etiam
1425 1321 1666 1369 contemtui
1712 1326 1757 1368 et

286 1409 480 1456 invidiae
539 1405 759 1470 expositi3
808 1405 1059 1468 complures
1105 1403 1220 1450 aliae
1262 1401 1555 1466 proculdubio
1603 1400 1757 1464 philo-

288 1487 543 1552 sophiarum
600 1489 645 1532 et
699 1483 971 1531 theoriarum
1033 1487 1181 1529 sectae
1192 1515 1208 1542 ,
1264 1479 1433 1527 similes
1490 1479 1584 1527 illis
1644 1495 1756 1543 quae

286 1582 448 1629 magna
502 1563 714 1611 varietate
772 1562 877 1609 olim
924 1560 1041 1625 apud
1088 1558 1291 1608 Graecos
1346 1560 1620 1618 floruerunt,
1682 1558 1756 1603 in-

287 1645 519 1701 troductae
565 1642 770 1689 fuissent.
853 1639 1231 1700 Quemadmodum
1272 1638 1390 1686 enim
1431 1654 1566 1701 super
1588 1637 1757 1703 phae-

289 1741 507 1773 nomena
542 1721 785 1779 aetheris,
822 1720 953 1784 plura
989 1719 1226 1768 themata
1260 1719 1395 1767 coeli
1417 1716 1613 1779 confingi
1647 1732 1757 1779 pos-

290 1810 417 1860 sunt3
470 1801 705 1859 similiter,
753 1805 797 1846 et
839 1800 978 1846 multo
1020 1798 1189 1861 magis,
1234 1814 1369 1862 super
1405 1797 1758 1863 phaenomena

288 1880 646 1949 philosophiae
682 1877 860 1925 fundari
881 1883 1068 1941 possunt
1093 1882 1137 1924 et
1180 1877 1393 1924 constitui
1428 1875 1592 1922 varia
1624 1874 1689 1920 do
1701 1890 1758 1936 g-

287 1968 448 2009 mata.
528 1959 679 2022 Atque
731 1956 985 2020 hujusmodi
1043 1955 1247 2004 theatri
1281 1955 1534 2020 fabulae,
1592 1952 1757 1999 habent

289 2041 422 2088 etiam
443 2038 573 2097 illud,
601 2036 717 2101 quod
740 2037 787 2082 1'11
811 2035 985 2082 theatro
1009 2039 1241 2098 poetarum
1259 2051 1340 2081 usu
1365 2034 1502 2093 venit,
1527 2037 1574 2079 ut
1597 2047 1759 2078 narra-

288 2120 434 2166 tiones
456 2117 587 2164 fietae
608 2115 663 2162 ad
677 2131 872 2175 scenam,
893 2113 1224 2161 narrationibus
1237 2129 1293 2160 ex
1306 2111 1494 2159 historia
1513 2111 1631 2158 veris
1645 2127 1758 2158 con-

290 2197 513 2245 einniores
534 2195 624 2242 sint
644 2199 688 2242 et
712 2194 1036 2257 elegantiores,
1073 2198 1117 2239 et
1147 2192 1300 2256 quales
1326 2191 1424 2254 quis
1445 2190 1587 2254 magis
1606 2191 1758 2237 vellet.

389 2287 445 2334 In
480 2300 644 2349 genere
680 2289 844 2344 autem,
877 2284 925 2330 in
960 2282 1191 2330 materiam
1223 2280 1533 2345 philosophiae
1570 2280 1759 2326 sumitur

291 2373 365 2414 aut
394 2367 577 2413 multum
616 2381 673 2411 ex
709 2363 893 2427 pauciS,
932 2367 1008 2409 aut
1042 2377 1198 2425 parum
1236 2377 1293 2408 ex
1328 2360 1496 2419 multis,
1533 2365 1582 2405 ut
1615 2360 1758 2405 utrin-

291 2463 374 2510 que
410 2443 694 2509 philosophia
716 2458 850 2506 super
874 2441 1180 2504 experientiae
1217 2444 1262 2487 et
1291 2438 1508 2486 naturalis
1544 2438 1758 2489 historiae

290 2524 421 2572 nimis
458 2527 690 2585 angustam
726 2520 855 2567 basin
890 2519 1074 2566 fundata
1107 2519 1182 2578 sit,
1219 2524 1350 2581 atque
1377 2534 1435 2565 ex
1470 2517 1757 2582 paucioribus

291 2620 420 2668 quam
457 2617 538 2665 par
572 2606 655 2660 est,
691 2598 965 2663 pronuntiet.

390 2680 632 2728 Rationale
665 2680 781 2727 enim
806 2693 946 2742 genus
982 2676 1389 2740 philosophantium
1425 2692 1483 2723 ex
1517 2673 1759 2737 experien-

293 2762 355 2808 tia
390 2759 609 2823 arripiunt
640 2759 762 2804 varia
795 2764 840 2806 et
866 2756 1098 2818 vulgaria,
1139 2771 1278 2819 eaque
1311 2769 1453 2817 neque
1485 2757 1608 2799 certo
1631 2768 1757 2799 com-

291 2845 419 2902 perta
464 2853 548 2885 nee
590 2836 830 2900 diligenter
868 2835 1122 2883 examinata
1152 2840 1197 2881 et
1222 2833 1470 2897 pensitata,
1506 2830 1680 2896 reliqua
1710 2833 1757 2878 in

292 2917 577 2964 meditatione
609 2921 740 2980 atque
770 2915 938 2979 ingenii
981 2913 1222 2977 agitatione
1250 2917 1436 2976 ponunt.
