1947 3456
252 287 315 333 58
734 280 1029 325 VERULA
1043 281 1089 323 M
1102 280 1147 322 ΙΙ

256 416 439 458 menta
476 407 650 454 animi
700 404 931 450 humani
985 408 1112 462 sunt,
1155 400 1239 447 nisi
1273 399 1410 445 libeat
1446 397 1569 460 leges
1603 397 1725 456 illas,

256 495 381 538 aetus
416 488 583 535 formas
620 484 866 548 appellare.

935 582 1048 630 LII.

349 677 619 746 Hujusmodi
642 677 791 740 itaque
814 678 916 721 sunt
938 673 993 719 id
1008 672 1114 732 ola,
1151 687 1263 735 quae
1289 687 1494 718 vocamus
1514 669 1728 718 IDOLA

257 760 538 821 TRIBUS,
570 773 681 822 quae
720 761 863 802 ortum
902 753 1099 811 habent,
1147 755 1223 797 aut
1253 766 1317 796 ex
1357 750 1728 813 aequalitate

257 839 629 892 substantiae
667 834 913 899 spiritus
939 831 1185 890 humani,
1222 833 1728 891 autexpraeoccu-

255 924 493 988 patione
531 919 683 983 ejus,
718 920 793 960 aut
831 914 894 959 ab
932 909 1230 973 angustiis
1268 908 1410 970 ejus,
1444 910 1520 954 aut
1551 909 1616 955 ab
1642 909 1729 956 in-

257 1004 452 1068 quieto
490 1003 640 1046 motu
677 995 822 1057 ejus,
861 996 936 1038 aut
973 991 1035 1036 ab
1079 988 1382 1034 infusione
1410 987 1724 1037 affectuum

255 1088 332 1129 aut
367 1082 430 1127 ab
461 1072 926 1137 incompetentia
965 1084 1242 1128 sensuum,
1277 1072 1351 1114 aut
1389 1072 1456 1118 ab
1487 1072 1728 1138 impres-

255 1159 447 1209 sionis
478 1154 658 1204 modo.

922 1250 1060 1297 LIII.

351 1347 568 1397 IDOLA
603 1340 855 1393 SPECUS
886 1346 1029 1388 ortum
1055 1340 1220 1387 hahent
1250 1356 1278 1395 ‚e
1296 1358 1326 1387 x
1363 1343 1608 1406 propria
1637 1362 1729 1393 eu-

249 1432 457 1495 jusque
489 1431 701 1474 natura
736 1429 788 1472 et
818 1420 991 1469 animi
1023 1426 1075 1466 et
1112 1420 1405 1482 eorporis;
1441 1427 1572 1486 atque
1593 1424 1726 1471 etiam

253 1527 324 1557 ex
360 1507 738 1564 educatione,
775 1508 828 1549 et
859 1498 1311 1560 cousuetudine,
1349 1504 1404 1547 et
1437 1501 1728 1551 fortuitis.

257 1587 389 1648 Quod
409 1602 576 1649 genus,
610 1584 720 1630 lieet
741 1582 799 1629 sit
821 1581 989 1628 varium
1011 1585 1055 1627 et
1076 1579 1336 1642 multiplex,
1373 1585 1519 1627 tamen
1547 1598 1599 1627 ea
1616 1599 1727 1645 pro-

255 1682 503 1732 ponemus,
539 1665 586 1710 in
620 1663 777 1727 quibus
807 1660 1001 1707 maxima
1034 1660 1181 1706 cautio
1214 1664 1308 1719 est,
1346 1675 1544 1723 quaeque
1578 1661 1726 1724 pluri-

255 1762 374 1794 mum
395 1745 545 1792 valent
567 1742 619 1789 ad
640 1739 926 1805 polluendum
952 1737 1226 1785 intellectum
1241 1773 1256 1798 ,
1294 1755 1348 1785 ne
1381 1739 1440 1786 sit
1469 1756 1623 1802 purus.

920 1872 1055 1921 LIV.

352 1968 577 2017 Adamant
598 1967 798 2015 homines
817 1966 1029 2013 scientias
1055 1964 1509 2028 et.eontemplationes
1525 1964 1728 2028 particu-

253 2051 403 2109 lares,
441 2053 517 2094 aut
549 2048 653 2111 quia
680 2051 858 2092 autores
893 2051 937 2092 et
969 2045 1222 2092 inventores
1255 2061 1301 2091 se
1340 2061 1491 2091 earum
1521 2042 1727 2103 credunt,

253 2135 330 2177 aut
354 2128 456 2193 quia
471 2127 710 2191 plurimum
735 2126 781 2172 in
804 2124 896 2171 illis
920 2140 1081 2189 operae
1104 2129 1348 2188 posuerunt
1369 2124 1512 2186 iisque
1533 2122 1726 2169 maxime

253 2212 558 2256 assueverunt.

355 2283 627 2349 Hujusmodi
651 2299 752 2330 vero
790 2282 988 2330 homines
1003 2317 1018 2343 ,
1051 2283 1089 2329 si
1117 2282 1171 2329 ad
1192 2281 1519 2346 philosophiam
1551 2284 1595 2327 et
1617 2295 1729 2327 eon-

258 2366 571 2430 templationes
607 2363 881 2409 universales
915 2378 961 2408 se
994 2362 1292 2422 contulerint,
1334 2362 1437 2407 illas
1474 2377 1541 2408 ex
1574 2359 1729 2423 prio-

259 2446 419 2492 ribus
467 2441 793 2507 phantasiis
843 2441 1185 2505 detorquent
1231 2445 1282 2487 et
1329 2442 1728 2503 corrumpunt3

259 2524 306 2571 id
332 2523 448 2587 quod
473 2523 666 2569 maxime
698 2521 986 2584 conspicuum
1011 2521 1209 2567 cernitur
1232 2520 1277 2565 in
1301 2519 1614 2578 Atvbtotele,
1653 2515 1727 2579 q'ui

260 2602 509 2650 naturalem
545 2616 669 2646 suam
691 2599 1037 2663 philosophiam,
1068 2600 1245 2662 logicae
1268 2615 1374 2646 suae
1398 2613 1580 2663 prorsus
1598 2611 1728 2641 man-

248 2682 446 2747 ³eipavit,
482 2685 531 2726 ut
556 2695 652 2725 eam
670 2678 763 2725 fere
787 2679 990 2724 inutilem
1011 2684 1054 2725 et
1077 2679 1398 2726 contentiosam
1418 2673 1677 2724 reddiderit.

370 2759 723 2825 Chymz'corum
745 2763 889 2804 autem
924 2774 1082 2820 genus,
1120 2776 1177 2807 ex
1216 2759 1371 2823 paucis
1411 2752 1729 2818 experimentis

266 2840 478 2900 fornacis,
513 2837 841 2903 philosophiam
875 2838 1201 2885 constituerunt
1238 2834 1562 2901 phantasticam
1591 2838 1634 2880 et
1675 2831 1729 2878 ad

266 2936 405 2984 pauca
439 2923 730 2981 spectantem.
