2064 3490
626 289 886 337 NOVUM
933 288 1313 340 ORGANUM.
1639 294 1694 342 [51

216 420 276 462 ut
319 414 493 462 verba
540 414 644 463 vim
693 431 842 462 snam
874 429 1053 477 super
1102 413 1468 463 intellectum
1517 426 1703 468 retor-

216 500 431 559 queant
474 501 529 543 et
571 494 924 553 reflectant,
976 493 1120 557 quod
1163 495 1601 560 philosophiam
1644 506 1702 547 61

215 574 503 622 scientias
553 573 811 622 reddidit
863 573 1232 638 sophisticas
1291 582 1344 624 et
1386 576 1699 626 inactivas.

212 653 370 701 Verba
404 658 551 701 autem
587 654 851 719 plerumque
885 670 944 702 ex
982 659 1118 719 captu
1150 655 1274 719 vulgi
1299 656 1530 718 induntur,
1565 663 1699 722 atque

209 749 293 798 per
312 734 475 795 lineas,
512 733 689 798 vulgari
710 733 963 781 intellectui
985 734 1180 783 maxime
1205 736 1490 800 conspicuas,
1528 754 1600 785 res
1623 755 1700 786 se-

209 819 331 862 cant.
385 814 533 875 Quum
560 820 708 862 autem
727 814 986 862 intellectus
1012 815 1204 876 acutior,
1245 822 1322 863 aut
1347 817 1601 866 observatio
1626 818 1700 865 di-

210 893 443 958 ligentior,
481 911 557 942 eas
583 894 728 941 lineas
761 894 1008 942 transferre
1046 896 1190 955 volet,
1228 902 1277 943 ut
1304 897 1412 944 illae
1437 897 1527 945 sint
1553 900 1696 962 magis

209 974 454 1022 secundum
475 979 705 1032 naturam3
742 973 877 1020 verba
899 973 1181 1038 obstrepunt.
1231 975 1364 1023 Unde
1391 975 1459 1038 fit,
1493 983 1543 1024 ut
1566 994 1696 1042 mag-

207 1070 293 1102 nae
330 1058 375 1102 et
398 1053 608 1101 solennes
646 1053 974 1117 disputationes
1010 1054 1238 1102 hominum
1276 1055 1525 1117 doctorum,
1559 1073 1695 1122 saepe

206 1134 254 1181 in
288 1133 621 1182 controversias
655 1133 778 1180 circa
816 1134 952 1181 verba
984 1139 1029 1182 et
1056 1135 1239 1182 nomina
1265 1135 1495 1195 desinant3
1534 1153 1560 1184 a
1591 1138 1695 1201 qui-

205 1214 306 1274 bus,
328 1230 387 1261 ex
409 1230 534 1261 more
559 1219 604 1261 et
623 1213 862 1278 prudentia
887 1214 1322 1275 mathematicorum,
1355 1215 1562 1280 incipere
1583 1234 1696 1266 con-

203 1293 366 1341 sultius
390 1293 524 1354 foret,
562 1310 727 1358 easque
761 1311 842 1358 per
863 1293 1147 1342 definitiones
1186 1294 1231 1340 in
1260 1294 1460 1342 ordinem
1488 1297 1694 1361 redigere

205 1373 334 1435 Quae
351 1379 500 1421 tamen
521 1372 822 1434 definitiones,
850 1375 897 1422 in
921 1375 1204 1421 naturalibus
1224 1380 1269 1422 et
1290 1376 1558 1438 materiatis,
1587 1377 1694 1425 huic

203 1455 324 1503 malo
363 1453 536 1502 mederi
567 1471 658 1502 non
688 1459 895 1518 possunt,
933 1455 1143 1518 quoniam
1170 1459 1215 1502 et
1247 1455 1375 1519 ipsae
1405 1455 1690 1506 definitiones

203 1551 260 1584 ex
294 1535 439 1583 verbis
476 1539 685 1582 constant
712 1540 756 1581 et
779 1535 915 1581 verba
942 1534 1134 1598 gignunt
1165 1536 1320 1596 verba,
1358 1535 1470 1584 adeo
1505 1542 1556 1585 ut
1593 1554 1690 1586 ne-

204 1632 366 1664 cesse
401 1615 507 1675 sit,
561 1613 629 1660 ad
665 1614 983 1662 instantias
1022 1614 1430 1679 particulares
1469 1634 1689 1666 earum-

204 1713 308 1761 que
355 1695 540 1743 series
588 1700 640 1742 et
687 1694 924 1742 ordines
972 1711 1307 1756 recurrere,
1346 1701 1396 1743 ut
1425 1714 1532 1745 mox
1566 1698 1688 1746 dice-

199 1793 316 1838 mus,
354 1793 488 1841 quum
527 1774 583 1822 ad
611 1775 789 1822 modum
826 1780 872 1823 et
904 1775 1124 1823 rationem
1158 1776 1461 1825 constituendi
1481 1779 1689 1827 notiones

200 1862 245 1905 et
281 1857 510 1906 axiomata
542 1855 778 1904 deventum
813 1855 968 1903 fuerit.
1392 1866 1395 1867 ’

883 2003 999 2052 LX.

299 2106 571 2170 IDOLA,
609 2124 754 2173 quae
786 2124 887 2172 per
922 2107 1094 2156 verba
1130 2107 1480 2156 intellectui
1511 2108 1685 2174 impo-

197 2195 426 2251 nuntur,
464 2189 701 2237 duorum
730 2205 1000 2252 generum
1042 2192 1190 2235 sunt.

300 2291 413 2340 Aut
460 2291 607 2340 enim
656 2295 791 2338 sunt
840 2306 1029 2338 rerum
1078 2290 1330 2351 nomina,
1384 2308 1525 2355 quae
1575 2309 1681 2340 non

199 2376 331 2418 sunt
365 2371 756 2435 [quemadmodum
780 2370 899 2418 enim
931 2375 1036 2418 sunt
1060 2386 1149 2430 165,
1186 2386 1298 2434 quae
1322 2372 1501 2419 nomine
1525 2379 1683 2420 carent

195 2467 278 2515 per
299 2450 724 2508 inobservafionem,
760 2450 826 2499 ita
850 2455 954 2498 sunt
977 2456 1021 2498 et
1046 2450 1245 2511 nomina,
1283 2467 1396 2514 quae
1426 2458 1583 2499 carent
1605 2469 1683 2500 re-

194 2530 279 2578 bus
309 2547 392 2594 per
427 2532 784 2596 suppositionem
829 2530 1178 2595 phantasticam]
1198 2549 1209 2589 3
1260 2537 1354 2578 aut
1399 2536 1532 2581 sunt
1577 2549 1680 2581 no-

192 2610 343 2658 mina
377 2627 591 2673 rerum,
626 2628 767 2677 quae
802 2617 957 2672 sunt,
995 2611 1075 2659 scd
1112 2611 1317 2672 confusa,
1354 2618 1399 2659 et
1434 2615 1552 2662 male
1586 2621 1682 2662 ter-

192 2689 380 2752 minata,
417 2696 463 2739 et
482 2696 650 2741 temere
671 2698 715 2741 et
739 2692 1041 2757 inaequaliter
1063 2709 1090 2739 a
1111 2692 1246 2740 rebus
1270 2693 1514 2741 abstracta.

294 2792 489 2842 Prioris
519 2796 700 2860 generis
740 2802 870 2857 sunt,
893 2798 1160 2860 fortuna,
1200 2797 1430 2863 primum
1478 2795 1677 2855 mobile,

180 2873 524 2938 planetarum
555 2879 732 2938 orbes,
780 2876 1091 2926 elementum
1128 2878 1293 2939 Qm's,
1342 2882 1386 2922 et
1421 2874 1678 2938 hujusmodi

190 2961 459 3017 commenta,
498 2972 610 3022 quae
630 2974 658 3006 a
683 2957 810 3006 vanis
835 2963 880 3006 et
903 2957 1032 3005 falsis
1054 2957 1241 3004 theoriis
1265 2962 1410 3002 ortum
1437 2954 1620 3002 habent.
