1947 3456
331 296 426 341 13«)
840 288 1262 334 VERULAMII

328 432 418 463 mo
435 423 570 462 tum
617 421 681 460 et
723 412 976 459 molitio
991 428 1149 470 nem,
1204 410 1597 458 deventuros
1647 418 1793 459 tan-

329 495 464 542 dem
518 494 595 540 acl
654 491 944 555 aliquam
1017 506 1093 537 esc
1145 489 1282 536 illis
1336 474 1791 553 philosophiis,

331 590 405 637 qu
421 590 489 620 ae
535 588 610 634 ap
626 571 705 616 ud
749 570 1055 632 antiquos
1100 567 1476 614 valuerunt.
1555 566 1694 615 Nam
1738 576 1791 616 et

328 652 442 699 illos
481 651 535 697 in
569 649 964 695 meditationum
1009 662 1222 695 suarum
1248 646 1522 711 principiis
1537 682 1551 705 ,
1598 646 1699 694 vim
1739 656 1793 696 et

329 730 527 793 copiam
555 744 796 787 magnam
828 725 1177 788 exemplorum
1197 731 1252 770 et
1278 725 1682 788 particularium
1698 743 1793 789 pa-

329 809 540 865 rav-isse,
577 814 733 869 atque
753 806 807 851 in
830 803 1241 860 commentarios,
1257 819 1354 866 per
1374 803 1511 851 locos
1535 812 1589 851 et
1607 805 1792 854 titulos

333 887 604 947 digessisse
618 921 631 942 ‚
679 892 836 948 atque
879 884 995 930 inde
1028 881 1376 946 philosophias
1411 898 1532 929 suas
1563 890 1617 929 et
1645 891 1792 933 artes

332 965 615 1027 confecisse
629 998 640 1019 ,
679 971 731 1009 et
750 969 962 1026 postea,
1005 978 1063 1006 re
1085 966 1373 1023 comperta,
1402 961 1792 1023 pronuntiasse,

328 1052 382 1091 et
404 1041 640 1106 exempla
661 1042 907 1099 adfidem
926 1047 979 1086 et
1014 1038 1232 1085 docendi
1256 1037 1426 1084 lumen
1455 1040 1678 1102 sparsim
1697 1041 1793 1088 ad-

328 1123 548 1178 cIe'de'sse,·
584 1120 675 1166 sed
687 1117 1094 1182 particularium
1125 1123 1279 1162 notas
1307 1123 1370 1180 ¹et
1399 1117 1683 1176 codicillos,
1729 1136 1793 1166 ac

326 1198 723 1247 commentarios
743 1213 862 1244 suos
883 1197 937 1243 in
960 1195 1123 1242 lucem
1147 1195 1311 1252 eslere,
1347 1210 1717 1258 supervacuum
1739 1204 1794 1244 et

326 1278 599 1327 molestum
623 1284 864 1341 putasse,
912 1275 1124 1338 ideoque
1140 1273 1368 1336 fecisse,
1406 1274 1544 1337 quod
1567 1275 1623 1322 in
1649 1276 1793 1323 aedi-

312 1356 676 1418 ficandofieri
689 1355 837 1413 solet,
860 1370 1039 1418 nempe
1053 1359 1180 1417 post
1205 1351 1435 1410 aedificii
1449 1360 1791 1410 structuram,

324 1436 588 1484 machinas
622 1442 678 1482 et
713 1433 883 1482 scalas
922 1451 955 1481 a
988 1438 1267 1495 conspectu
1299 1431 1563 1479 amovisse·
1632 1430 1791 1495 Neque

325 1516 457 1562 aliter
476 1515 641 1561 factum
664 1529 778 1572 csse,
815 1510 996 1558 credere
1018 1515 1138 1557 certe
1163 1512 1355 1571 oportet.

424 1629 594 1676 Verum
628 1627 714 1673 nisi
746 1628 844 1690 quis
877 1627 1054 1673 omnino
1089 1625 1253 1671 oblitus
1290 1623 1424 1670 fuerit
1454 1639 1634 1684 eorum,
1679 1640 1792 1687 quae

324 1708 527 1772 superius
558 1707 677 1752 dicta
706 1713 834 1766 sunt,
872 1706 976 1752 huic
1007 1702 1250 1766 objectioni
1279 1708 1355 1749 aut
1386 1703 1596 1767 scrupulo
1623 1703 1790 1766 potius,

322 1787 456 1834 facilc
478 1784 780 1848 respondebit.

421 1902 679 1949 Formam
724 1899 841 1946 enim
876 1897 1129 1961 inquirendi
1162 1903 1206 1944 et
1234 1896 1488 1944 inveniendi
1523 1895 1638 1960 apud
1670 1896 1791 1944 anti-

321 1998 448 2045 quos,
485 1987 529 2026 et
557 1980 642 2041 ipsi
673 1978 930 2042 prolitemur
955 1982 999 2022 et
1028 1976 1196 2039 scripta
1228 1993 1380 2023 eorum
1416 1991 1524 2040 prae
1555 1991 1605 2022 se
1626 1975 1790 2023 ferunt.

318 2059 399 2106 Ea
435 2064 580 2104 autem
614 2073 701 2102 non
733 2055 821 2101 alia
847 2055 945 2113 snit,
983 2070 1109 2117 quam
1142 2061 1190 2101 ut
1211 2056 1264 2101 ab
1287 2055 1505 2118 exemplis
1529 2054 1790 2117 quibusdam

319 2145 363 2185 et
390 2135 737 2201 particularibus
765 2132 946 2194 [additis
978 2132 1232 2179 notionibus
1258 2133 1580 2191 communibus,
1616 2138 1661 2179 et
1691 2132 1790 2178 for-

318 2225 436 2262 tasse
478 2214 682 2278 portione
723 2210 937 2257 nonnulla
977 2226 1033 2256 ex
1079 2210 1361 2273 opinionibus
1405 2210 1626 2274 receptis,
1675 2226 1787 2273 qnae

319 2295 509 2341 maxime
554 2290 834 2356 placuerunt]
878 2288 931 2334 ad
977 2289 1286 2336 conclusiones
1326 2289 1517 2335 maxime
1554 2289 1788 2351 generales

319 2374 410 2420 sive
440 2371 662 2436 principia
695 2369 981 2415 scientiarum
1013 2367 1297 2425 advolarent3
1335 2367 1390 2413 ad
1413 2383 1597 2430 quorum
1621 2366 1788 2413 verita-

319 2458 406 2497 tem
430 2452 654 2496 immotam
678 2454 721 2494 ct
744 2447 906 2506 lixam,
943 2446 1254 2492 conclusiones
1280 2446 1515 2492 inferiores
1539 2462 1620 2509 per
1643 2444 1788 2492 media

319 2529 557 2576 educerent
592 2544 645 2573 ac
678 2526 945 2589 probarent,
994 2540 1051 2569 ex
1083 2524 1240 2586 quibus
1275 2531 1413 2570 artem
1440 2524 1786 2570 constituebant.

317 2606 437 2654 Tum
464 2606 634 2651 demum
660 2605 698 2650 si
730 2619 842 2650 nova
872 2603 1164 2665 particularia
1192 2608 1236 2648 et
1269 2604 1473 2666 exempla
1500 2609 1619 2648 mota
1637 2607 1785 2647 essent

315 2691 359 2732 ct
383 2684 590 2742 adducta,
625 2697 737 2745 quae
756 2680 933 2744 placitis
958 2680 1051 2726 suis
1077 2680 1432 2742 refragarentur3
1467 2680 1565 2738 illa,
1599 2683 1675 2723 aut
1702 2694 1783 2740 per

314 2763 640 2820 distinctiones,
670 2765 745 2805 aut
767 2776 846 2822 per
869 2758 1122 2819 regularum
1145 2774 1323 2805 suarum
1347 2756 1704 2820 explanationeS,
1735 2755 1783 2802 in

313 2841 512 2888 ordinem
535 2838 759 2886 subtiliter
779 2835 1057 2898 redigebant,
1097 2843 1172 2884 aut
1196 2837 1368 2882 demum
1389 2851 1467 2897 per
1491 2833 1781 2896 exceptiones

309 2935 459 2966 crasso
485 2918 612 2965 modo
639 2916 987 2965 summovebant.
1056 2914 1120 2960 At
1153 2929 1300 2961 rerum
1326 2911 1666 2976 particularium
1689 2927 1781 2959 non
