2064 3490
598 301 858 348 NOVUM
903 301 1271 347 ORGANUM.
1606 302 1672 349 83

198 423 497 489 hucusque
540 425 797 473 latuisse
830 428 884 470 et
918 421 1174 484 fugisse,
1222 427 1269 469 et
1296 428 1474 471 maneat
1508 429 1679 473 tantum

197 503 462 564 admiratio,
509 505 618 550 illa
655 518 801 549 uunc
844 500 1071 549 tandem
1114 501 1295 548 alicui
1341 504 1679 551 mortalium

194 583 250 629 in
285 588 518 630 mentem
551 582 748 630 venire
777 581 1059 646 potuisse,
1083 586 1159 627 aut
1180 580 1496 644 cogitationem
1521 584 1678 646 cujus-

194 662 314 726 piam
342 662 557 720 subiisse3
595 661 711 726 quod
734 661 886 721 ctiam,
924 666 973 708 ut
996 676 1079 707 nos
1111 659 1437 722 existimamus,
1473 661 1681 727 felici-2

194 741 339 788 tatis
384 741 527 804 magis
571 747 640 789 est
677 739 935 805 cujusdam,
997 755 1127 805 quam
1169 740 1438 788 excellentis
1483 741 1676 806 alicujus

192 820 539 882 facultatis,
586 826 635 867 ut
666 820 816 884 potius
847 836 949 884 pro
987 820 1274 884 temporis
1309 826 1482 884 partu
1518 822 1675 869 haberi

194 899 371 960 debeat,
410 916 539 964 quam
573 916 673 964 pro
707 904 884 962 partu
914 898 1163 961 ingenii.

294 990 492 1037 Primo
533 994 707 1049 autem,
750 992 818 1035 tot
850 989 1132 1036 saeculorum
1170 1006 1407 1050 numerus,
1444 1007 1547 1038 vere
1581 1007 1675 1038 rem

192 1070 438 1134 reputanti,
463 1068 516 1116 ad
537 1084 719 1131 magnas
746 1068 975 1131 angustias
1000 1068 1177 1116 recidit.
1214 1068 1332 1117 Nam
1361 1086 1428 1117 ex
1458 1070 1676 1133 viginti

191 1150 440 1214 quinque
487 1164 761 1194 annorum
814 1148 1135 1208 centuriiS,
1178 1148 1224 1195 in
1263 1149 1422 1213 quibus
1460 1150 1678 1197 memoria

190 1237 235 1277 ct
259 1229 465 1276 doctrina
487 1227 712 1274 hominum
734 1227 828 1275 fere
851 1233 1072 1289 versatur,
1105 1227 1195 1275 vix
1230 1245 1332 1275 sex
1364 1235 1540 1276 centu
1556 1230 1675 1278 riae

189 1309 347 1373 seponi
396 1314 442 1355 et
491 1307 676 1370 excerpi
724 1312 938 1370 possunt,
995 1323 1108 1370 quae
1159 1306 1448 1354 scientiarum
1498 1309 1675 1356 feraces

189 1404 397 1435 carumve
421 1385 658 1451 proventui
689 1385 823 1433 utiles
856 1386 1053 1433 fuerunt.
1125 1385 1246 1434 Sunt
1275 1387 1393 1434 enim
1418 1405 1507 1435 non
1529 1389 1674 1437 minus

188 1475 455 1531 temporum,
493 1481 623 1528 quam
646 1465 877 1527 regionum
904 1465 1040 1513 eremi
1068 1471 1112 1513 ct
1150 1466 1397 1516 vastitates,

256 1546 413 1594 Tres
451 1545 567 1592 enim
595 1549 766 1591 tantum
804 1544 1211 1592 doctrinarum
1249 1547 1673 1596 revolutiones

186 1631 232 1674 et
245 1623 418 1689 periodi
441 1629 565 1672 recte
586 1623 811 1670 numerari
833 1630 1042 1688 possunt:
1067 1640 1169 1684 una,
1204 1640 1270 1688 ap
1286 1623 1351 1671 ud
1383 1623 1673 1686 Graecos3

187 1706 348 1764 altera,
383 1703 532 1768 apud
565 1702 887 1762 Romanos3
925 1703 1083 1750 ultima
1119 1700 1266 1768 apud
1300 1721 1418 1765 n0S,
1456 1705 1675 1752 occiden-

186 1784 301 1832 tales
323 1783 501 1831 scilicet
523 1781 739 1846 Europae
759 1782 988 1829 nationes:
1027 1782 1242 1845 quibus
1279 1783 1534 1847 singulis
1572 1785 1672 1833 vix

187 1863 332 1910 duae
369 1863 675 1910 centuriae
714 1877 991 1908 annorum
1028 1865 1188 1909 merito
1227 1862 1410 1909 attribui
1433 1872 1637 1926 possunt.

288 1941 447 1988 Media
481 1941 635 1989 mundi
671 1948 899 2005 tempora,
959 1941 1103 2004 quoad
1149 1941 1438 1989 scientiarum
1473 1949 1670 2006 segetem

185 2022 365 2070 uberem
392 2026 469 2069 aut
493 2022 676 2082 laetam,
712 2020 915 2068 infelicia
933 2019 1129 2067 fuerunt.
1190 2019 1350 2085 Neque
1385 2021 1501 2068 enim
1530 2038 1667 2070 causa

183 2107 268 2162 est,
304 2106 355 2148 ut
377 2101 448 2148 vel
477 2100 678 2148 Arabum
715 2100 786 2148 vel
818 2098 1206 2147 Scholasticorum
1245 2100 1411 2147 mentio
1437 2099 1541 2159 fiat,
1591 2102 1668 2163 qui

182 2198 265 2245 per
288 2178 553 2227 intermedia
591 2185 794 2243 tempora
824 2179 1038 2227 scientias
1062 2179 1210 2242 potius
1250 2178 1558 2226 contriverunt
1580 2195 1667 2226 nu·-

183 2258 370 2307 merosis
395 2259 690 2319 tractatibus,
728 2274 857 2322 quam
879 2257 1052 2321 pondus
1081 2274 1232 2304 earum
1255 2263 1496 2305 auxerunt.

284 2336 500 2401 Itaque
552 2336 804 2384 PRIMA
859 2335 1119 2385 CAUSA
1175 2343 1282 2384 tam
1343 2337 1561 2402 pusilli
1606 2337 1661 2385 in

181 2415 460 2463 scientiis
500 2417 841 2480 profectus,
893 2415 958 2462 ad
1006 2416 1319 2479 angustias
1370 2416 1663 2480 temporis

181 2510 317 2558 erga
365 2494 517 2542 illas
557 2496 840 2560 propitii,
887 2495 1005 2542 rite
1051 2501 1104 2542 et
1141 2496 1347 2543 ordine
1385 2495 1662 2543 refertur.

796 2630 1039 2679 LXXIX.

283 2720 349 2768 At
393 2719 655 2769 secundo
700 2720 837 2768 loco
897 2739 955 2770 se
1014 2722 1200 2770 offert
1246 2718 1503 2768 CAUSA
1550 2720 1661 2766 illa

179 2800 328 2862 magni
352 2805 476 2848 certe
502 2815 584 2863 per
605 2799 754 2846 omnia
777 2801 1005 2861 momenti,
1035 2817 1089 2849 ea
1113 2800 1340 2859 videlicet,
1379 2816 1481 2863 quo
1498 2798 1522 2843 d
1561 2814 1661 2862 per

178 2877 319 2924 illas
348 2877 516 2943 ipsas
546 2884 790 2939 aetates,
815 2879 974 2943 quibus
994 2880 1220 2927 homiuum
1237 2878 1419 2940 ingenia
1439 2883 1482 2923 et
1501 2876 1659 2925 literae

180 2954 375 3003 maxime
418 2957 488 3004 vel
529 2958 665 3005 etiam
712 2957 1001 3007 mediocriter
1047 2957 1306 3011 floruerint,
1360 2956 1659 3003 naturalia

1376 3031 1442 3073 6*
