1947 3456
287 262 342 305 16
823 257 1214 296 PRAEFATIO.

284 378 616 439 proponentur,
653 389 740 419 non
775 378 947 418 tantum
980 386 1084 418 vera
1108 374 1279 428 essent,
1309 368 1387 416 sed
1414 370 1548 416 etiam
1571 370 1627 417 ad
1654 371 1756 417 ani-

285 470 379 501 mos
402 452 655 511 hominum,
692 451 800 498 licet
831 450 956 496 miris
976 448 1118 495 modis
1139 454 1382 511 occupatos
1408 452 1452 494 et
1470 447 1757 509 interclusos,

284 550 372 581 non
392 530 670 579 incommode
693 535 769 576 aut
800 544 957 592 aspere
985 526 1262 574 accederent.
1335 525 1639 574 Veruntamen
1679 543 1759 574 ae-

285 628 417 676 quum
437 617 529 669 est,
563 615 610 655 ut
631 609 686 655 ab
710 607 963 655 hominibus
987 606 1274 669 impetremus
1308 605 1375 667 [in
1401 610 1527 652 tanta
1548 622 1759 670 praeser-

284 691 362 738 tim
387 687 690 736 doctrinarum
708 692 752 734 et
772 685 1057 733 scientiarum
1080 683 1424 744 restauratione]
1452 690 1525 745 ut,
1563 685 1657 748 qui
1694 684 1759 730 dc

285 769 448 816 hisce
483 765 703 814 nostris
740 763 998 828 aliquid,
1044 762 1137 809 sive
1169 778 1226 808 ex
1256 777 1387 808 sensu
1422 763 1632 826 proprio,
1666 762 1759 810 sive

284 865 343 896 ex
384 845 674 893 autoritatum
714 844 872 904 turba,
923 842 1016 889 sive
1054 857 1112 888 ex
1142 839 1569 888 demonstrationum
1606 840 1760 888 formis

286 929 417 991 [quae
435 941 554 973 nunc
578 928 787 987 tanquam
809 923 933 985 leges
955 919 1168 984 quaedam
1188 919 1427 983 judiciales
1458 920 1759 980 invaluerunt]

284 1011 546 1054 statuere
569 1009 663 1051 aut
697 1001 1032 1050 existimare
1057 998 1221 1058 velit,
1256 1014 1322 1046 ne
1355 999 1428 1060 id,
1458 999 1516 1045 in
1546 999 1761 1047 transi-

284 1091 346 1132 tu
395 1090 454 1131 et
505 1083 673 1146 velut
721 1080 885 1127 aliud
934 1076 1192 1140 agend0,
1243 1077 1443 1127 facere
1488 1094 1545 1127 se
1588 1094 1762 1142 posse

286 1166 511 1227 speret3
533 1159 656 1221 sed,
688 1165 747 1206 ut
771 1175 884 1206 rem
911 1160 1255 1221 pernoscat,
1284 1163 1568 1216 nostram,
1605 1173 1762 1220 quam

285 1240 680 1290 describimus
717 1243 772 1286 et
805 1237 1077 1284 munimus
1115 1235 1290 1295 viam,
1327 1235 1759 1299 ipsepaulatim

285 1324 505 1379 tentet,
541 1317 885 1366 subtilitati
923 1330 1144 1374 rerum,
1179 1313 1416 1377 quaein
1451 1316 1761 1379 experien-

286 1401 373 1448 tia
427 1398 658 1461 signata
701 1401 812 1457 est,
869 1398 1202 1453 assuescat,
1256 1407 1462 1456 pravos
1511 1393 1761 1457 denique

287 1486 460 1543 atque
497 1477 614 1523 alte
649 1475 963 1522 haerentes
995 1471 1205 1519 mentis
1240 1471 1506 1531 habitus,
1543 1477 1763 1536 tempe-

288 1558 442 1607 stiva
475 1562 530 1604 et
567 1553 739 1618 quasi
774 1550 1039 1615 legitima
1073 1565 1226 1596 mora
1262 1549 1560 1613 corrigat,
1593 1556 1762 1614 atque

287 1646 405 1688 tum
442 1635 670 1694 demum,
707 1632 760 1679 si
792 1628 1108 1696 placuerit,
1140 1632 1448 1692 postquam
1483 1628 1543 1674 in
1576 1634 1760 1693 potes-

288 1722 415 1767 tate
460 1729 560 1763 sua
596 1728 729 1761 esse
758 1708 1057 1774 coeperit,
1097 1706 1323 1774 judici-o
1358 1724 1458 1756 suo
1493 1711 1715 1756 utatur.
