1947 3456
249 283 348 333 10'4'
773 286 1195 331 VERULAMII

246 409 415 459 missis
438 415 533 458 aut
556 408 823 466 correctis,
855 424 1098 469 magnam
1131 424 1307 456 rerum
1329 408 1383 455 in
1403 407 1583 457 melius
1603 425 1718 455 mu-

249 489 502 537 tatae'onem
512 488 650 547 fieri
659 504 826 553 posse.
899 485 963 534 Si
983 487 1100 532 mili
1141 486 1321 545 modo,
1359 486 1395 532 si
1420 485 1620 532 homines
1642 503 1723 549 per

248 572 374 614 tanta
408 582 621 613 annorum
665 566 809 629 spatia
840 564 952 610 viam
993 581 1136 611 veram
1179 565 1431 612 inveniendi
1465 570 1517 611 et=
1545 564 1721 611 colendi

249 645 460 694 scientias
475 644 739 704 tenuissent,
763 661 845 691 nec
859 649 1004 690 tamen
1026 643 1212 689 ulterius
1229 643 1437 707 progredi
1456 644 1723 707 potuissent,

252 723 396 770 audax
428 722 724 786 proculdubio
760 730 804 770 et
837 723 1074 769 temeraria
1107 722 1223 768 foret
1253 722 1431 785 opinio,
1468 739 1600 786 posse
1631 739 1724 769 rem

251 803 298 848 in
331 802 517 849 ulterius
550 800 752 865 provehi.
835 796 964 861 Quod
1010 802 1046 848 si
1090 801 1135 846 in
1171 800 1242 846 ria
1284 801 1383 864 ipsa
1423 807 1614 848 erratum
1650 801 1726 861 sit,

255 886 386 945 atque
409 880 633 927 bominum
662 896 798 943 opera
820 881 863 926 in
885 881 942 927 iis
969 884 1257 943 consumpta,
1292 879 1338 925 in
1370 879 1528 942 quibus
1550 879 1728 927 minime

256 961 510 1024 oportebat,
542 959 743 1022 sequitur
765 976 820 1006 ex
845 976 914 1019 eo,
951 976 1038 1006 non
1062 960 1106 1005 in
1134 959 1267 1006 rebus
1288 958 1398 1022 ipsis
1422 958 1730 1006 difficultatem

257 1040 384 1099 oriri,
415 1055 527 1103 quae
556 1039 792 1102 potestatis
825 1044 1003 1085 nostrae
1038 1055 1124 1084 non
1157 1043 1285 1097 sunt,
1331 1037 1407 1084 sed
1455 1038 1510 1084 in
1554 1037 1732 1084 intel-

255 1118 417 1165 lectu
463 1118 702 1163 humano
761 1117 1001 1180 ejusque
1055 1132 1155 1162 usu
1204 1120 1277 1176 et*
1307 1116 1731 1180 applicatione,

261 1212 372 1260 quae
395 1212 467 1242 res
490 1195 732 1242 remedium
754 1202 797 1242 et
817 1195 1077 1243 medicinam
1100 1194 1305 1258 suscipit.

360 1297 520 1361 Itaque
552 1296 764 1360 optimum
796 1296 932 1343 fuerit
964 1296 1068 1343 illos
1105 1295 1227 1360 ipsos
1257 1312 1432 1343 errores
1454 1313 1733 1360 proponere3

261 1382 397 1440 quot
451 1376 592 1423 enim
641 1375 862 1422 fuerint
918 1391 1171 1422 errorum
1227 1374 1635 1438 impedimenta
1679 1378 1736 1424 in

261 1455 621 1519 praeterito,
658 1460 745 1502 tot
782 1459 917 1502 sunt
953 1455 1076 1518 spei
1115 1458 1454 1517 argumenta
1490 1454 1547 1500 in
1584 1455 1738 1503 sutu-

262 1550 395 1580 rum.
465 1533 537 1580 Ea
559 1552 661 1582 vero
686 1535 793 1581 licet
814 1534 858 1579 in
883 1533 952 1579 his
978 1550 1089 1597 quae
1111 1533 1316 1597 superius
1345 1532 1462 1579 dicta
1493 1540 1613 1595 suut,
1649 1552 1739 1583 non

262 1613 432 1659 intacta
464 1614 642 1660 omnino
676 1612 868 1672 fuerint,
917 1617 1063 1659 tamen
1107 1628 1160 1659 ea
1201 1613 1333 1659 etiam
1374 1628 1492 1659 nune
1527 1613 1738 1676 breviter,

263 1693 411 1740 verbis
438 1693 567 1740 nudis
590 1710 641 1740 ae
665 1691 942 1757 simplicibus
964 1696 1305 1756 repraesentare
1328 1691 1467 1738 visum
1493 1698 1576 1740 est.

929 1836 1081 1885 XCV.

373 1940 463 2000 Qui
484 1944 789 1987 tractaverunt
811 1939 1041 1999 scientias,
1080 1944 1155 1985 aut
1177 1938 1462 2003 empirici,
1499 1945 1575 1986 aut
1611 1939 1744 2003 dog-

270 2019 476 2067 matici
511 2019 705 2065 fuerunt.
765 2017 856 2064 Em
873 2018 1068 2081 pirici,
1103 2018 1316 2066 formicae
1336 2035 1476 2079 more,
1497 2025 1744 2082 congerunt

271 2105 442 2146 tantum
470 2103 515 2144 et
538 2103 746 2155 utuntur3
790 2097 1135 2157 rationales,
1170 2113 1432 2145 aranearum
1453 2114 1592 2158 more,
1630 2098 1744 2145 telas

273 2195 328 2226 ex
353 2195 401 2225 se
426 2176 683 2225 conficiunt.

376 2280 491 2344 Apis
513 2295 618 2327 vero
640 2277 755 2324 ratio
780 2276 926 2323 media
948 2283 1041 2338 est,
1080 2294 1192 2341 quae
1221 2276 1449 2325 materiam
1481 2293 1536 2324 ex
1561 2276 1747 2324 floribus

275 2360 394 2407 horti
429 2364 473 2406 et
506 2358 602 2421 agri
645 2356 798 2416 elicit,
856 2356 933 2403 sed
975 2363 1120 2404 tamen
1164 2372 1259 2403 eam
1310 2356 1493 2420 propria
1533 2356 1748 2404 facultate

277 2439 409 2485 vertit
433 2443 476 2485 et
499 2437 678 2501 digerit.
737 2434 896 2499 Neque
918 2436 1121 2482 absimile
1143 2435 1453 2499 philosophiae
1476 2452 1623 2482 verum
1647 2436 1749 2500 opi-

278 2515 427 2563 ficium
453 2522 537 2576 est,
575 2514 690 2579 quod
712 2530 795 2561 nec
828 2514 988 2561 mentis
1021 2514 1188 2560 viribus
1217 2519 1386 2561 tantum
1410 2519 1485 2561 aut
1507 2514 1748 2578 praecipue

279 2595 453 2655 nititur,
489 2610 631 2657 neque
662 2610 718 2640 ex
748 2593 937 2640 historia
967 2593 1159 2640 naturali
1195 2599 1239 2640 et
1273 2592 1546 2640 mechanicis
1567 2591 1750 2655 experi-

281 2673 441 2721 mentis
482 2672 727 2736 praebitam
760 2671 1018 2730 materiam,
1067 2671 1113 2717 in
1145 2673 1357 2719 memoria
1387 2672 1632 2734 integram,
1672 2668 1749 2717 sed

281 2753 328 2799 in
350 2751 582 2798 intellectu
603 2755 812 2796 mutatam
841 2756 884 2795 et
909 2750 1136 2796 subactam
1160 2751 1354 2815 reponit.

380 2840 588 2903 Itaque
633 2856 697 2886 ex
745 2839 897 2884 harum
936 2837 1195 2886 facultatum
1244 2835 1751 2903 [experimentalis

285 2919 460 2966 scilicet
481 2924 524 2966 et
563 2917 903 2978 rationalis]
939 2917 1197 2965 arctiore
1227 2924 1281 2965 et
1309 2916 1609 2965 sanctiore
1640 2913 1753 2963 foe-
