<?xml version="1.0" encoding="UTF-8"?>
<!DOCTYPE html PUBLIC "-//W3C//DTD XHTML 1.0 Transitional//EN"
    "http://www.w3.org/TR/xhtml1/DTD/xhtml1-transitional.dtd">
<html xmlns="http://www.w3.org/1999/xhtml" xml:lang="en" lang="en">
 <head>
  <title>
</title>
<meta http-equiv="Content-Type" content="text/html;charset=utf-8" />
  <meta name='ocr-system' content='tesseract 3.04.00' />
  <meta name='ocr-capabilities' content='ocr_page ocr_carea ocr_par ocr_line ocrx_word'/>
</head>
<body>
  <div class='ocr_page' id='page_1' title='image "./franciscibaconid01baco/franciscibaconid01baco_0036.png"; bbox 0 0 1947 3456; ppageno 0'>
   <div class='ocr_carea' id='block_1_1' title="bbox 275 258 1437 314">
    <p class='ocr_par' dir='ltr' id='par_1_1' title="bbox 275 258 1437 314">
     <span class='ocr_line' id='line_1_1' title="bbox 275 258 1437 314; baseline -0.003 -13"><span class='ocrx_word' id='word_1_1' title='bbox 275 269 336 314; x_wconf 80' lang='grc'>30</span> <span class='ocrx_word' id='word_1_2' title='bbox 577 261 918 302; x_wconf 79' lang='lat' dir='ltr'><strong>DELINEATIO</strong></span> <span class='ocrx_word' id='word_1_3' title='bbox 950 273 998 299; x_wconf 79' lang='grc' dir='ltr'>ΕΤ</span> <span class='ocrx_word' id='word_1_4' title='bbox 1032 258 1437 298; x_wconf 73' lang='lat' dir='ltr'>ARGUMENTUM.</span> 
     </span>
    </p>
   </div>
   <div class='ocr_carea' id='block_1_2' title="bbox 270 369 1734 2970">
    <p class='ocr_par' dir='ltr' id='par_1_2' title="bbox 271 369 1734 1701">
     <span class='ocr_line' id='line_1_2' title="bbox 276 369 1732 441; baseline -0.01 -11"><span class='ocrx_word' id='word_1_5' title='bbox 276 380 544 432; x_wconf 87' lang='lat' dir='ltr'>materias</span> <span class='ocrx_word' id='word_1_6' title='bbox 581 379 968 441; x_wconf 85' lang='lat' dir='ltr'>praeparatas</span> <span class='ocrx_word' id='word_1_7' title='bbox 1004 371 1313 434; x_wconf 79' lang='lat' dir='ltr'>intelligimus.</span> <span class='ocrx_word' id='word_1_8' title='bbox 1383 369 1436 416; x_wconf 90' lang='lat' dir='ltr'>Id</span> <span class='ocrx_word' id='word_1_9' title='bbox 1471 386 1527 417; x_wconf 88' lang='lat' dir='ltr'>ne</span> <span class='ocrx_word' id='word_1_10' title='bbox 1554 371 1732 434; x_wconf 88' lang='lat' dir='ltr'>saepius</span> 
     </span>
     <span class='ocr_line' id='line_1_3' title="bbox 276 449 1732 517; baseline -0.009 -9"><span class='ocrx_word' id='word_1_11' title='bbox 276 459 520 509; x_wconf 79' lang='lat' dir='ltr'>subtilitate</span> <span class='ocrx_word' id='word_1_12' title='bbox 552 456 701 502; x_wconf 90' lang='lat' dir='ltr'>inutili</span> <span class='ocrx_word' id='word_1_13' title='bbox 734 458 986 517; x_wconf 86' lang='lat' dir='ltr'>repetatur,</span> <span class='ocrx_word' id='word_1_14' title='bbox 1031 451 1427 498; x_wconf 79' lang='lat' dir='ltr'>inventionem</span> <span class='ocrx_word' id='word_1_15' title='bbox 1483 449 1732 496; x_wconf 86' lang='lat' dir='ltr'>latentis</span> 
     </span>
     <span class='ocr_line' id='line_1_4' title="bbox 275 529 1734 606; baseline -0.011 -18"><span class='ocrx_word' id='word_1_16' title='bbox 275 552 589 606; x_wconf 84' lang='lat' dir='ltr'>processus</span> <span class='ocrx_word' id='word_1_17' title='bbox 625 534 926 580; x_wconf 76' lang='lat' dir='ltr'>subtexemus.</span> <span class='ocrx_word' id='word_1_18' title='bbox 973 529 1283 576; x_wconf 87' lang='lat' dir='ltr'>Latentem</span> <span class='ocrx_word' id='word_1_19' title='bbox 1316 533 1460 575; x_wconf 87' lang='lat' dir='ltr'>autem</span> <span class='ocrx_word' id='word_1_20' title='bbox 1497 543 1734 591; x_wconf 89' lang='lat' dir='ltr'>proces-</span> 
     </span>
     <span class='ocr_line' id='line_1_5' title="bbox 274 606 1732 680; baseline -0.011 -12"><span class='ocrx_word' id='word_1_21' title='bbox 274 636 388 668; x_wconf 88' lang='lat' dir='ltr'>sum</span> <span class='ocrx_word' id='word_1_22' title='bbox 426 615 700 680; x_wconf 75' lang='lat' dir='ltr'>appellamus</span> <span class='ocrx_word' id='word_1_23' title='bbox 729 610 939 658; x_wconf 86' lang='lat' dir='ltr'>seriem</span> <span class='ocrx_word' id='word_1_24' title='bbox 975 615 1030 656; x_wconf 87' lang='lat' dir='ltr'>et</span> <span class='ocrx_word' id='word_1_25' title='bbox 1066 608 1331 655; x_wconf 85' lang='lat' dir='ltr'>ordinem</span> <span class='ocrx_word' id='word_1_26' title='bbox 1369 606 1732 666; x_wconf 80' lang='lat' dir='ltr'>mutationis,</span> 
     </span>
     <span class='ocr_line' id='line_1_6' title="bbox 274 685 1732 746; baseline -0.01 0"><span class='ocrx_word' id='word_1_27' title='bbox 274 715 386 746; x_wconf 92' lang='lat' dir='ltr'>rem</span> <span class='ocrx_word' id='word_1_28' title='bbox 434 694 609 742; x_wconf 86' lang='lat' dir='ltr'>scilicet</span> <span class='ocrx_word' id='word_1_29' title='bbox 651 708 718 738; x_wconf 80' lang='lat' dir='ltr'>ex</span> <span class='ocrx_word' id='word_1_30' title='bbox 762 688 1109 736; x_wconf 80' lang='lat' dir='ltr'>efficientis</span> <span class='ocrx_word' id='word_1_31' title='bbox 1154 692 1301 734; x_wconf 88' lang='lat' dir='ltr'>motu</span> <span class='ocrx_word' id='word_1_32' title='bbox 1351 692 1404 733; x_wconf 88' lang='lat' dir='ltr'>et</span> <span class='ocrx_word' id='word_1_33' title='bbox 1447 685 1732 733; x_wconf 83' lang='lat' dir='ltr'>materiae</span> 
     </span>
     <span class='ocr_line' id='line_1_7' title="bbox 274 764 1734 828; baseline -0.01 -4"><span class='ocrx_word' id='word_1_34' title='bbox 274 778 441 824; x_wconf 78' lang='lat' dir='ltr'>fluxu</span> <span class='ocrx_word' id='word_1_35' title='bbox 487 770 823 819; x_wconf 77' lang='lat' dir='ltr'>conflatam.</span> <span class='ocrx_word' id='word_1_36' title='bbox 896 767 1022 827; x_wconf 74' lang='lat' dir='ltr'>Quae</span> <span class='ocrx_word' id='word_1_37' title='bbox 1064 771 1209 812; x_wconf 85' lang='lat' dir='ltr'>autem</span> <span class='ocrx_word' id='word_1_38' title='bbox 1253 764 1492 811; x_wconf 89' lang='lat' dir='ltr'>secundum</span> <span class='ocrx_word' id='word_1_39' title='bbox 1532 765 1734 828; x_wconf 86' lang='lat' dir='ltr'>subjecta</span> 
     </span>
     <span class='ocr_line' id='line_1_8' title="bbox 274 843 1733 917; baseline -0.008 -16"><span class='ocrx_word' id='word_1_40' title='bbox 274 857 323 902; x_wconf 85' lang='lat' dir='ltr'>fit</span> <span class='ocrx_word' id='word_1_41' title='bbox 343 852 643 917; x_wconf 83' lang='lat' dir='ltr'>inquisitionis</span> <span class='ocrx_word' id='word_1_42' title='bbox 678 849 891 907; x_wconf 73' lang='lat' dir='ltr'>variatio,</span> <span class='ocrx_word' id='word_1_43' title='bbox 936 863 993 893; x_wconf 85' lang='lat' dir='ltr'>ex</span> <span class='ocrx_word' id='word_1_44' title='bbox 1026 845 1194 892; x_wconf 88' lang='lat' dir='ltr'>duabus</span> <span class='ocrx_word' id='word_1_45' title='bbox 1227 861 1375 891; x_wconf 87' lang='lat' dir='ltr'>rerum</span> <span class='ocrx_word' id='word_1_46' title='bbox 1403 843 1733 890; x_wconf 88' lang='lat' dir='ltr'>conditionibus</span> 
     </span>
     <span class='ocr_line' id='line_1_9' title="bbox 275 923 1734 987; baseline -0.009 -6"><span class='ocrx_word' id='word_1_47' title='bbox 275 940 418 981; x_wconf 87' lang='lat' dir='ltr'>ortum</span> <span class='ocrx_word' id='word_1_48' title='bbox 453 932 610 987; x_wconf 79' lang='lat' dir='ltr'>habet3</span> <span class='ocrx_word' id='word_1_49' title='bbox 657 934 750 974; x_wconf 83' lang='lat' dir='ltr'>aut</span> <span class='ocrx_word' id='word_1_50' title='bbox 797 943 865 973; x_wconf 81' lang='lat' dir='ltr'>cx</span> <span class='ocrx_word' id='word_1_51' title='bbox 911 930 1122 972; x_wconf 89' lang='lat' dir='ltr'>natura</span> <span class='ocrx_word' id='word_1_52' title='bbox 1165 923 1453 987; x_wconf 89' lang='lat' dir='ltr'>simplicis</span> <span class='ocrx_word' id='word_1_53' title='bbox 1499 928 1555 969; x_wconf 85' lang='lat' dir='ltr'>et</span> <span class='ocrx_word' id='word_1_54' title='bbox 1590 939 1734 976; x_wconf 86' lang='lat' dir='ltr'>com-</span> 
     </span>
     <span class='ocr_line' id='line_1_10' title="bbox 273 1001 1733 1078; baseline -0.009 -17"><span class='ocrx_word' id='word_1_55' title='bbox 273 1030 370 1078; x_wconf 91' lang='lat' dir='ltr'>pos</span> <span class='ocrx_word' id='word_1_56' title='bbox 384 1012 453 1058; x_wconf 90' lang='lat' dir='ltr'>iti</span> <span class='ocrx_word' id='word_1_57' title='bbox 472 1010 580 1071; x_wconf 89' lang='lat' dir='ltr'>[alia</span> <span class='ocrx_word' id='word_1_58' title='bbox 600 1008 715 1055; x_wconf 89' lang='lat' dir='ltr'>euim</span> <span class='ocrx_word' id='word_1_59' title='bbox 735 1005 1048 1053; x_wconf 83' lang='lat' dir='ltr'>accomodatur</span> <span class='ocrx_word' id='word_1_60' title='bbox 1066 1003 1295 1067; x_wconf 88' lang='lat' dir='ltr'>inquisitio</span> <span class='ocrx_word' id='word_1_61' title='bbox 1316 1002 1372 1048; x_wconf 90' lang='lat' dir='ltr'>ad</span> <span class='ocrx_word' id='word_1_62' title='bbox 1395 1018 1466 1049; x_wconf 87' lang='lat' dir='ltr'>res</span> <span class='ocrx_word' id='word_1_63' title='bbox 1487 1001 1733 1065; x_wconf 83' lang='lat' dir='ltr'>simpliceS,</span> 
     </span>
     <span class='ocr_line' id='line_1_11' title="bbox 273 1082 1734 1150; baseline -0.009 -11"><span class='ocrx_word' id='word_1_64' title='bbox 273 1093 364 1139; x_wconf 87' lang='lat' dir='ltr'>alia</span> <span class='ocrx_word' id='word_1_65' title='bbox 385 1091 439 1137; x_wconf 87' lang='lat' dir='ltr'>ad</span> <span class='ocrx_word' id='word_1_66' title='bbox 462 1087 728 1150; x_wconf 86' lang='lat' dir='ltr'>compositas</span> <span class='ocrx_word' id='word_1_67' title='bbox 754 1091 797 1131; x_wconf 91' lang='lat' dir='ltr'>et</span> <span class='ocrx_word' id='word_1_68' title='bbox 823 1083 1147 1146; x_wconf 86' lang='lat' dir='ltr'>decompositas</span> <span class='ocrx_word' id='word_1_69' title='bbox 1171 1087 1215 1129; x_wconf 89' lang='lat' dir='ltr'>et</span> <span class='ocrx_word' id='word_1_70' title='bbox 1234 1082 1491 1145; x_wconf 83' lang='lat' dir='ltr'>perplexas]</span> <span class='ocrx_word' id='word_1_71' title='bbox 1529 1086 1624 1128; x_wconf 87' lang='lat' dir='ltr'>aut</span> <span class='ocrx_word' id='word_1_72' title='bbox 1667 1097 1734 1127; x_wconf 85' lang='lat' dir='ltr'>ex</span> 
     </span>
     <span class='ocr_line' id='line_1_12' title="bbox 273 1160 1734 1228; baseline -0.008 -13"><span class='ocrx_word' id='word_1_73' title='bbox 273 1167 560 1216; x_wconf 82' lang='lat' dir='ltr'>historiae</span> <span class='ocrx_word' id='word_1_74' title='bbox 593 1165 757 1228; x_wconf 87' lang='lat' dir='ltr'>copia</span> <span class='ocrx_word' id='word_1_75' title='bbox 803 1169 856 1210; x_wconf 87' lang='lat' dir='ltr'>et</span> <span class='ocrx_word' id='word_1_76' title='bbox 903 1163 1132 1226; x_wconf 88' lang='lat' dir='ltr'>inopia,</span> <span class='ocrx_word' id='word_1_77' title='bbox 1166 1178 1288 1225; x_wconf 79' lang='lat' dir='ltr'>quae&#39;</span> <span class='ocrx_word' id='word_1_78' title='bbox 1313 1160 1366 1207; x_wconf 86' lang='lat' dir='ltr'>ad</span> <span class='ocrx_word' id='word_1_79' title='bbox 1400 1160 1734 1223; x_wconf 87' lang='lat' dir='ltr'>inquisitionem</span> 
     </span>
     <span class='ocr_line' id='line_1_13' title="bbox 271 1237 1734 1313; baseline -0.008 -18"><span class='ocrx_word' id='word_1_80' title='bbox 271 1246 569 1313; x_wconf 78' lang='lat' dir='ltr'>peragendam</span> <span class='ocrx_word' id='word_1_81' title='bbox 597 1244 747 1308; x_wconf 90' lang='lat' dir='ltr'>parari</span> <span class='ocrx_word' id='word_1_82' title='bbox 782 1242 940 1306; x_wconf 85' lang='lat' dir='ltr'>possit.</span> <span class='ocrx_word' id='word_1_83' title='bbox 1010 1241 1122 1288; x_wconf 89' lang='lat' dir='ltr'>Ubi</span> <span class='ocrx_word' id='word_1_84' title='bbox 1166 1241 1309 1289; x_wconf 76' lang='lat' dir='ltr'>enim</span> <span class='ocrx_word' id='word_1_85' title='bbox 1350 1238 1601 1287; x_wconf 88' lang='lat' dir='ltr'>historia</span> <span class='ocrx_word' id='word_1_86' title='bbox 1642 1237 1734 1284; x_wconf 84' lang='lat' dir='ltr'>ab·</span> 
     </span>
     <span class='ocr_line' id='line_1_14' title="bbox 275 1317 1733 1386; baseline -0.008 -12"><span class='ocrx_word' id='word_1_87' title='bbox 275 1327 476 1385; x_wconf 90' lang='lat' dir='ltr'>undat,</span> <span class='ocrx_word' id='word_1_88' title='bbox 513 1322 792 1386; x_wconf 78' lang='lat' dir='ltr'>expedita</span> <span class='ocrx_word' id='word_1_89' title='bbox 829 1327 914 1368; x_wconf 90' lang='lat' dir='ltr'>est</span> <span class='ocrx_word' id='word_1_90' title='bbox 948 1321 1102 1367; x_wconf 91' lang='lat' dir='ltr'>ratio</span> <span class='ocrx_word' id='word_1_91' title='bbox 1152 1318 1599 1382; x_wconf 81' lang='lat' dir='ltr'>inquisitionis3</span> <span class='ocrx_word' id='word_1_92' title='bbox 1639 1317 1733 1362; x_wconf 94' lang='lat' dir='ltr'>ubi</span> 
     </span>
     <span class='ocr_line' id='line_1_15' title="bbox 274 1396 1733 1461; baseline -0.008 -8"><span class='ocrx_word' id='word_1_93' title='bbox 274 1405 470 1453; x_wconf 87' lang='lat' dir='ltr'>tenuis</span> <span class='ocrx_word' id='word_1_94' title='bbox 508 1409 624 1461; x_wconf 90' lang='lat' dir='ltr'>est,</span> <span class='ocrx_word' id='word_1_95' title='bbox 660 1401 715 1446; x_wconf 91' lang='lat' dir='ltr'>in</span> <span class='ocrx_word' id='word_1_96' title='bbox 752 1406 915 1447; x_wconf 87' lang='lat' dir='ltr'>arcto</span> <span class='ocrx_word' id='word_1_97' title='bbox 953 1407 1039 1447; x_wconf 89' lang='lat' dir='ltr'>est</span> <span class='ocrx_word' id='word_1_98' title='bbox 1081 1400 1256 1445; x_wconf 88' lang='lat' dir='ltr'>labor</span> <span class='ocrx_word' id='word_1_99' title='bbox 1303 1404 1355 1445; x_wconf 87' lang='lat' dir='ltr'>et</span> <span class='ocrx_word' id='word_1_100' title='bbox 1403 1396 1733 1444; x_wconf 83' lang='lat' dir='ltr'>multifaria</span> 
     </span>
     <span class='ocr_line' id='line_1_16' title="bbox 274 1475 1732 1541; baseline -0.008 -10"><span class='ocrx_word' id='word_1_101' title='bbox 274 1483 564 1531; x_wconf 86' lang='lat' dir='ltr'>industria</span> <span class='ocrx_word' id='word_1_102' title='bbox 612 1486 666 1528; x_wconf 91' lang='lat' dir='ltr'>et</span> <span class='ocrx_word' id='word_1_103' title='bbox 708 1485 830 1526; x_wconf 89' lang='lat' dir='ltr'>arte</span> <span class='ocrx_word' id='word_1_104' title='bbox 882 1495 1025 1541; x_wconf 90' lang='lat' dir='ltr'>opus</span> <span class='ocrx_word' id='word_1_105' title='bbox 1072 1478 1259 1524; x_wconf 88' lang='lat' dir='ltr'>habet.</span> <span class='ocrx_word' id='word_1_106' title='bbox 1327 1475 1485 1539; x_wconf 86' lang='lat' dir='ltr'>Itaque</span> <span class='ocrx_word' id='word_1_107' title='bbox 1511 1491 1591 1540; x_wconf 86' lang='lat' dir='ltr'>per</span> <span class='ocrx_word' id='word_1_108' title='bbox 1627 1475 1732 1534; x_wconf 85' lang='lat' dir='ltr'>ista,</span> 
     </span>
     <span class='ocr_line' id='line_1_17' title="bbox 274 1553 1734 1628; baseline -0.008 -17"><span class='ocrx_word' id='word_1_109' title='bbox 274 1563 493 1628; x_wconf 82' lang='lat' dir='ltr'>quaejam</span> <span class='ocrx_word' id='word_1_110' title='bbox 517 1561 636 1606; x_wconf 88' lang='lat' dir='ltr'>dicta</span> <span class='ocrx_word' id='word_1_111' title='bbox 666 1563 767 1605; x_wconf 91' lang='lat' dir='ltr'>sunt</span> <span class='ocrx_word' id='word_1_112' title='bbox 795 1563 1012 1616; x_wconf 88' lang='lat' dir='ltr'>tractata,</span> <span class='ocrx_word' id='word_1_113' title='bbox 1053 1555 1442 1603; x_wconf 88' lang='lat' dir='ltr'>variationem</span> <span class='ocrx_word' id='word_1_114' title='bbox 1487 1553 1734 1618; x_wconf 89' lang='lat' dir='ltr'>inquisi-</span> 
     </span>
     <span class='ocr_line' id='line_1_18' title="bbox 273 1639 902 1701; baseline -0.014 -11"><span class='ocrx_word' id='word_1_115' title='bbox 273 1645 352 1690; x_wconf 88' lang='lat' dir='ltr'>tio</span> <span class='ocrx_word' id='word_1_116' title='bbox 368 1643 452 1688; x_wconf 84' lang='lat' dir='ltr'>nis</span> <span class='ocrx_word' id='word_1_117' title='bbox 487 1639 658 1686; x_wconf 89' lang='lat' dir='ltr'>absolvi</span> <span class='ocrx_word' id='word_1_118' title='bbox 679 1643 902 1701; x_wconf 85' lang='lat' dir='ltr'>putamus.</span> 
     </span>
    </p>

    <p class='ocr_par' dir='ltr' id='par_1_3' title="bbox 270 1717 1734 2970">
     <span class='ocr_line' id='line_1_19' title="bbox 357 1717 1732 1781; baseline -0.007 -13"><span class='ocrx_word' id='word_1_119' title='bbox 357 1722 519 1768; x_wconf 81' lang='lat' dir='ltr'>Restat</span> <span class='ocrx_word' id='word_1_120' title='bbox 555 1728 1025 1781; x_wconf 70' lang='lat' dir='ltr'>1NQUISlTlole</span> <span class='ocrx_word' id='word_1_121' title='bbox 1063 1724 1500 1773; x_wconf 72' lang='lat' dir='ltr'>coNrnAc&#39;rio,</span> <span class='ocrx_word' id='word_1_122' title='bbox 1528 1717 1732 1759; x_wconf 85' lang='lat' dir='ltr'>utnon</span> 
     </span>
     <span class='ocr_line' id='line_1_20' title="bbox 272 1793 1733 1855; baseline -0.009 -5"><span class='ocrx_word' id='word_1_123' title='bbox 272 1807 490 1850; x_wconf 84' lang='lat' dir='ltr'>tantum</span> <span class='ocrx_word' id='word_1_124' title='bbox 546 1799 602 1844; x_wconf 92' lang='lat' dir='ltr'>in</span> <span class='ocrx_word' id='word_1_125' title='bbox 650 1797 834 1843; x_wconf 88' lang='lat' dir='ltr'>inviis</span> <span class='ocrx_word' id='word_1_126' title='bbox 889 1796 1008 1855; x_wconf 90' lang='lat' dir='ltr'>via,</span> <span class='ocrx_word' id='word_1_127' title='bbox 1067 1794 1164 1842; x_wconf 90' lang='lat' dir='ltr'>sed</span> <span class='ocrx_word' id='word_1_128' title='bbox 1216 1795 1272 1840; x_wconf 88' lang='lat' dir='ltr'>in</span> <span class='ocrx_word' id='word_1_129' title='bbox 1321 1793 1429 1840; x_wconf 87' lang='lat' dir='ltr'>viis</span> <span class='ocrx_word' id='word_1_130' title='bbox 1477 1808 1733 1855; x_wconf 87' lang='lat' dir='ltr'>compen-</span> 
     </span>
     <span class='ocr_line' id='line_1_21' title="bbox 273 1875 1734 1940; baseline -0.009 -12"><span class='ocrx_word' id='word_1_131' title='bbox 273 1882 452 1938; x_wconf 90' lang='lat' dir='ltr'>dium,</span> <span class='ocrx_word' id='word_1_132' title='bbox 482 1885 534 1925; x_wconf 90' lang='lat' dir='ltr'>et</span> <span class='ocrx_word' id='word_1_133' title='bbox 569 1884 844 1940; x_wconf 87' lang='lat' dir='ltr'>tamquam</span> <span class='ocrx_word' id='word_1_134' title='bbox 881 1875 1042 1922; x_wconf 88' lang='lat' dir='ltr'>linea</span> <span class='ocrx_word' id='word_1_135' title='bbox 1077 1880 1268 1933; x_wconf 88' lang='lat' dir='ltr'>recta,</span> <span class='ocrx_word' id='word_1_136' title='bbox 1316 1888 1457 1936; x_wconf 88' lang='lat' dir='ltr'>quae</span> <span class='ocrx_word' id='word_1_137' title='bbox 1493 1888 1593 1936; x_wconf 89' lang='lat' dir='ltr'>per</span> <span class='ocrx_word' id='word_1_138' title='bbox 1628 1887 1734 1916; x_wconf 90' lang='lat' dir='ltr'>am·-</span> 
     </span>
     <span class='ocr_line' id='line_1_22' title="bbox 272 1947 1734 2022; baseline -0.008 -15"><span class='ocrx_word' id='word_1_139' title='bbox 272 1963 446 2022; x_wconf 81' lang='lat' dir='ltr'>bages</span> <span class='ocrx_word' id='word_1_140' title='bbox 483 1963 534 2004; x_wconf 90' lang='lat' dir='ltr'>et</span> <span class='ocrx_word' id='word_1_141' title='bbox 570 1957 763 2003; x_wconf 77' lang='lat' dir='ltr'>flexus</span> <span class='ocrx_word' id='word_1_142' title='bbox 811 1960 994 2014; x_wconf 90' lang='lat' dir='ltr'>secet,</span> <span class='ocrx_word' id='word_1_143' title='bbox 1048 1953 1152 2000; x_wconf 83' lang='lat' dir='ltr'>EX</span> <span class='ocrx_word' id='word_1_144' title='bbox 1196 1949 1546 2000; x_wconf 85' lang='lat' dir='ltr'>INDICIIS</span> <span class='ocrx_word' id='word_1_145' title='bbox 1596 1947 1734 1996; x_wconf 86' lang='lat' dir='ltr'>NO-</span> 
     </span>
     <span class='ocr_line' id='line_1_23' title="bbox 272 2028 1732 2092; baseline -0.008 -5"><span class='ocrx_word' id='word_1_146' title='bbox 272 2035 508 2088; x_wconf 86' lang='lat' dir='ltr'><strong>STRIS</strong></span> <span class='ocrx_word' id='word_1_147' title='bbox 550 2036 910 2081; x_wconf 82' lang='lat' dir='ltr'>innotescat.</span> <span class='ocrx_word' id='word_1_148' title='bbox 992 2033 1093 2080; x_wconf 87' lang='lat' dir='ltr'>Hoc</span> <span class='ocrx_word' id='word_1_149' title='bbox 1133 2038 1277 2079; x_wconf 88' lang='lat' dir='ltr'>autem</span> <span class='ocrx_word' id='word_1_150' title='bbox 1317 2030 1472 2092; x_wconf 91' lang='lat' dir='ltr'>[veluti</span> <span class='ocrx_word' id='word_1_151' title='bbox 1510 2034 1554 2076; x_wconf 87' lang='lat' dir='ltr'>et</span> <span class='ocrx_word' id='word_1_152' title='bbox 1590 2028 1732 2076; x_wconf 89' lang='lat' dir='ltr'>omnis</span> 
     </span>
     <span class='ocr_line' id='line_1_24' title="bbox 271 2108 1732 2179; baseline -0.008 -13"><span class='ocrx_word' id='word_1_153' title='bbox 271 2119 385 2165; x_wconf 90' lang='lat' dir='ltr'>ratio</span> <span class='ocrx_word' id='word_1_154' title='bbox 433 2114 762 2179; x_wconf 87' lang='lat' dir='ltr'>compendiara]</span> <span class='ocrx_word' id='word_1_155' title='bbox 801 2113 992 2160; x_wconf 77' lang='lat' dir='ltr'>maxime</span> <span class='ocrx_word' id='word_1_156' title='bbox 1032 2113 1077 2157; x_wconf 88' lang='lat' dir='ltr'>in</span> <span class='ocrx_word' id='word_1_157' title='bbox 1114 2128 1261 2158; x_wconf 92' lang='lat' dir='ltr'>rerum</span> <span class='ocrx_word' id='word_1_158' title='bbox 1305 2110 1479 2156; x_wconf 87' lang='lat' dir='ltr'>delectu</span> <span class='ocrx_word' id='word_1_159' title='bbox 1512 2108 1732 2155; x_wconf 84' lang='lat' dir='ltr'>consistit.</span> 
     </span>
     <span class='ocr_line' id='line_1_25' title="bbox 270 2187 1733 2253; baseline -0.009 -8"><span class='ocrx_word' id='word_1_160' title='bbox 270 2198 424 2245; x_wconf 90' lang='lat' dir='ltr'>Duas</span> <span class='ocrx_word' id='word_1_161' title='bbox 464 2202 609 2241; x_wconf 88' lang='lat' dir='ltr'>autem</span> <span class='ocrx_word' id='word_1_162' title='bbox 642 2194 890 2240; x_wconf 86' lang='lat' dir='ltr'>invenimus</span> <span class='ocrx_word' id='word_1_163' title='bbox 909 2191 1096 2239; x_wconf 89' lang='lat' dir='ltr'>veluti</span> <span class='ocrx_word' id='word_1_164' title='bbox 1139 2207 1326 2238; x_wconf 86' lang='lat' dir='ltr'>rerum</span> <span class='ocrx_word' id='word_1_165' title='bbox 1362 2187 1733 2253; x_wconf 55' lang='lat' dir='ltr'>praerogati«</span> 
     </span>
     <span class='ocr_line' id='line_1_26' title="bbox 273 2266 1732 2338; baseline -0.009 -14"><span class='ocrx_word' id='word_1_166' title='bbox 273 2294 395 2335; x_wconf 86' lang='lat' dir='ltr'>vas,</span> <span class='ocrx_word' id='word_1_167' title='bbox 426 2291 537 2338; x_wconf 87' lang='lat' dir='ltr'>quae</span> <span class='ocrx_word' id='word_1_168' title='bbox 561 2273 614 2319; x_wconf 92' lang='lat' dir='ltr'>ad</span> <span class='ocrx_word' id='word_1_169' title='bbox 644 2271 948 2336; x_wconf 89' lang='lat' dir='ltr'>inquisitionis</span> <span class='ocrx_word' id='word_1_170' title='bbox 972 2270 1234 2334; x_wconf 89' lang='lat' dir='ltr'>compendia</span> <span class='ocrx_word' id='word_1_171' title='bbox 1266 2269 1502 2333; x_wconf 86' lang='lat' dir='ltr'>plurimum</span> <span class='ocrx_word' id='word_1_172' title='bbox 1536 2266 1732 2324; x_wconf 84' lang='lat' dir='ltr'>faciunt3</span> 
     </span>
     <span class='ocr_line' id='line_1_27' title="bbox 272 2353 1734 2405; baseline -0.006 0"><span class='ocrx_word' id='word_1_173' title='bbox 272 2366 784 2405; x_wconf 81' lang='lat' dir='ltr'><strong>PAEROGATIVAM</strong></span> <span class='ocrx_word' id='word_1_174' title='bbox 830 2363 1224 2400; x_wconf 74' lang='lat' dir='ltr'><strong>INSTANTIAE</strong></span> <span class='ocrx_word' id='word_1_175' title='bbox 1272 2353 1326 2396; x_wconf 73' lang='lat' dir='ltr'>Gt</span> <span class='ocrx_word' id='word_1_176' title='bbox 1371 2359 1734 2396; x_wconf 82' lang='lat' dir='ltr'><strong>PRAEROGA-</strong></span> 
     </span>
     <span class='ocr_line' id='line_1_28' title="bbox 271 2427 1732 2492; baseline -0.008 -10"><span class='ocrx_word' id='word_1_177' title='bbox 271 2448 477 2483; x_wconf 70' lang='lat' dir='ltr'><strong>TIVAM</strong></span> <span class='ocrx_word' id='word_1_178' title='bbox 546 2444 882 2485; x_wconf 79' lang='lat' dir='ltr'>lNQL&#39;lslTl.</span> <span class='ocrx_word' id='word_1_179' title='bbox 982 2430 1140 2492; x_wconf 87' lang='lat' dir='ltr'>Itaque</span> <span class='ocrx_word' id='word_1_180' title='bbox 1209 2428 1465 2475; x_wconf 83' lang='lat' dir='ltr'>docebimus</span> <span class='ocrx_word' id='word_1_181' title='bbox 1532 2427 1732 2490; x_wconf 86' lang='lat' dir='ltr'>primo,</span> 
     </span>
     <span class='ocr_line' id='line_1_29' title="bbox 272 2505 1732 2577; baseline -0.005 -18"><span class='ocrx_word' id='word_1_182' title='bbox 272 2514 479 2577; x_wconf 90' lang='lat' dir='ltr'>quales</span> <span class='ocrx_word' id='word_1_183' title='bbox 515 2512 634 2558; x_wconf 91' lang='lat' dir='ltr'>sint</span> <span class='ocrx_word' id='word_1_184' title='bbox 681 2512 825 2557; x_wconf 86' lang='lat' dir='ltr'>illae</span> <span class='ocrx_word' id='word_1_185' title='bbox 862 2505 1366 2555; x_wconf 84' lang='lat' dir='ltr'><strong>INSTANTIAE</strong></span> <span class='ocrx_word' id='word_1_186' title='bbox 1401 2505 1521 2553; x_wconf 85' lang='lat' dir='ltr'>sive</span> <span class='ocrx_word' id='word_1_187' title='bbox 1556 2521 1732 2567; x_wconf 83' lang='lat' dir='ltr'>expe-</span> 
     </span>
     <span class='ocr_line' id='line_1_30' title="bbox 272 2587 1731 2653; baseline -0.007 -14"><span class='ocrx_word' id='word_1_188' title='bbox 272 2594 540 2650; x_wconf 86' lang='lat' dir='ltr'>rimenta,</span> <span class='ocrx_word' id='word_1_189' title='bbox 579 2606 724 2653; x_wconf 87' lang='lat' dir='ltr'>quae</span> <span class='ocrx_word' id='word_1_190' title='bbox 756 2589 820 2636; x_wconf 91' lang='lat' dir='ltr'>ad</span> <span class='ocrx_word' id='word_1_191' title='bbox 867 2587 1362 2633; x_wconf 89' lang='lat' dir='ltr'>illuminationem</span> <span class='ocrx_word' id='word_1_192' title='bbox 1409 2600 1545 2648; x_wconf 84' lang='lat' dir='ltr'>prae</span> <span class='ocrx_word' id='word_1_193' title='bbox 1602 2598 1731 2630; x_wconf 84' lang='lat' dir='ltr'>cae-</span> 
     </span>
     <span class='ocr_line' id='line_1_31' title="bbox 273 2661 1731 2730; baseline -0.008 -11"><span class='ocrx_word' id='word_1_194' title='bbox 273 2672 419 2720; x_wconf 86' lang='lat' dir='ltr'>teris</span> <span class='ocrx_word' id='word_1_195' title='bbox 456 2687 518 2717; x_wconf 82' lang='lat' dir='ltr'>ex</span> <span class='ocrx_word' id='word_1_196' title='bbox 534 2670 784 2728; x_wconf 88' lang='lat' dir='ltr'>cellant,</span> <span class='ocrx_word' id='word_1_197' title='bbox 818 2667 927 2713; x_wconf 90' lang='lat' dir='ltr'>adeo</span> <span class='ocrx_word' id='word_1_198' title='bbox 952 2671 999 2712; x_wconf 84' lang='lat' dir='ltr'>ut</span> <span class='ocrx_word' id='word_1_199' title='bbox 1024 2682 1192 2730; x_wconf 88' lang='lat' dir='ltr'>paucae</span> <span class='ocrx_word' id='word_1_200' title='bbox 1213 2665 1328 2712; x_wconf 91' lang='lat' dir='ltr'>idem</span> <span class='ocrx_word' id='word_1_201' title='bbox 1351 2663 1467 2728; x_wconf 87' lang='lat' dir='ltr'>quod</span> <span class='ocrx_word' id='word_1_202' title='bbox 1489 2661 1604 2708; x_wconf 83' lang='lat' dir='ltr'>aliae</span> <span class='ocrx_word' id='word_1_203' title='bbox 1624 2662 1731 2725; x_wconf 89' lang='lat' dir='ltr'>plu·-</span> 
     </span>
     <span class='ocr_line' id='line_1_32' title="bbox 272 2740 1732 2815; baseline -0.008 -17"><span class='ocrx_word' id='word_1_204' title='bbox 272 2769 343 2798; x_wconf 85' lang='lat' dir='ltr'>rcs</span> <span class='ocrx_word' id='word_1_205' title='bbox 363 2754 606 2815; x_wconf 84' lang='lat' dir='ltr'>praestent.</span> <span class='ocrx_word' id='word_1_206' title='bbox 675 2748 776 2794; x_wconf 85' lang='lat' dir='ltr'>Hoc</span> <span class='ocrx_word' id='word_1_207' title='bbox 805 2746 919 2793; x_wconf 87' lang='lat' dir='ltr'>enim</span> <span class='ocrx_word' id='word_1_208' title='bbox 949 2751 992 2792; x_wconf 89' lang='lat' dir='ltr'>et</span> <span class='ocrx_word' id='word_1_209' title='bbox 1012 2745 1119 2792; x_wconf 91' lang='lat' dir='ltr'>moli</span> <span class='ocrx_word' id='word_1_210' title='bbox 1143 2745 1283 2808; x_wconf 89' lang='lat' dir='ltr'>ipsius</span> <span class='ocrx_word' id='word_1_211' title='bbox 1315 2741 1528 2789; x_wconf 86' lang='lat' dir='ltr'>historiae</span> <span class='ocrx_word' id='word_1_212' title='bbox 1559 2745 1603 2786; x_wconf 88' lang='lat' dir='ltr'>et</span> <span class='ocrx_word' id='word_1_213' title='bbox 1637 2740 1732 2787; x_wconf 81' lang='lat' dir='ltr'>‹lis-</span> 
     </span>
     <span class='ocr_line' id='line_1_33' title="bbox 273 2819 1731 2889; baseline -0.008 -12"><span class='ocrx_word' id='word_1_214' title='bbox 273 2831 478 2878; x_wconf 80' lang='lat' dir='ltr'>currendi</span> <span class='ocrx_word' id='word_1_215' title='bbox 511 2827 740 2874; x_wconf 87' lang='lat' dir='ltr'>laboribus</span> <span class='ocrx_word' id='word_1_216' title='bbox 769 2825 930 2889; x_wconf 77' lang='lat' dir='ltr'>parcit.</span> <span class='ocrx_word' id='word_1_217' title='bbox 1000 2824 1177 2871; x_wconf 86' lang='lat' dir='ltr'>Deinde</span> <span class='ocrx_word' id='word_1_218' title='bbox 1220 2823 1354 2869; x_wconf 87' lang='lat' dir='ltr'>etiam</span> <span class='ocrx_word' id='word_1_219' title='bbox 1390 2819 1731 2884; x_wconf 76' lang='lat' dir='ltr'>explicabimus,</span> 
     </span>
     <span class='ocr_line' id='line_1_34' title="bbox 273 2899 1734 2970; baseline -0.003 -20"><span class='ocrx_word' id='word_1_220' title='bbox 273 2910 421 2968; x_wconf 85' lang='lat' dir='ltr'>qualia</span> <span class='ocrx_word' id='word_1_221' title='bbox 445 2909 533 2955; x_wconf 88' lang='lat' dir='ltr'>sint</span> <span class='ocrx_word' id='word_1_222' title='bbox 554 2924 607 2955; x_wconf 89' lang='lat' dir='ltr'>ca</span> <span class='ocrx_word' id='word_1_223' title='bbox 627 2906 841 2970; x_wconf 88' lang='lat' dir='ltr'>inquisita</span> <span class='ocrx_word' id='word_1_224' title='bbox 856 2938 871 2964; x_wconf 97' lang='lat'>,</span> <span class='ocrx_word' id='word_1_225' title='bbox 909 2920 934 2951; x_wconf 88' lang='lat' dir='ltr'>a</span> <span class='ocrx_word' id='word_1_226' title='bbox 958 2904 1115 2968; x_wconf 89' lang='lat' dir='ltr'>quibus</span> <span class='ocrx_word' id='word_1_227' title='bbox 1142 2902 1553 2966; x_wconf 85' lang='lat' dir='ltr'>interpretationem</span> <span class='ocrx_word' id='word_1_228' title='bbox 1579 2899 1734 2962; x_wconf 86' lang='lat' dir='ltr'>auspi·—</span> 
     </span>
    </p>
   </div>
  </div>
 </body>
</html>
