2064 3490
565 300 824 346 NOVUM
883 299 1260 345 ORGANUM.
1590 304 1657 349 77

180 424 454 482 saevitiae,
491 431 589 472 aut
617 423 888 472 scientiam
918 421 1271 485 aretz'qm’tatzls.
1341 420 1405 469 Et
1428 434 1548 474 certe
1573 429 1657 476 ha-

180 505 285 551 bent
316 503 361 549 id
405 502 520 566 quod
554 518 792 565 puerorum
828 506 922 560 est,
968 507 1017 547 ut
1047 500 1102 546 ad
1139 501 1425 563 garriendum
1463 514 1658 574 prompti

180 584 286 644 sint,
322 597 540 646 generare
573 585 836 627 autemnon
878 579 1075 643 possint3
1121 595 1221 626 nam
1268 585 1453 631 rer-bosa
1485 587 1658 638 videtur

179 662 402 728 sapientia
423 676 575 709 eorum
605 665 649 706 et
672 676 854 722 opernm
885 659 1072 706 sterilis.
1145 661 1300 724 Itaque
1337 680 1403 711 ex
1441 675 1568 715 ortu
1603 678 1658 718 et

178 748 357 807 gente
412 739 838 804 philosophiae
892 755 1032 803 quae
1081 741 1135 786 in
1184 758 1286 789 usu
1343 750 1453 806 est,
1515 765 1656 812 quae

178 823 499 888 capiuntur
536 817 778 867 SIGNA
812 820 955 865 bona
994 835 1100 866 non
1135 827 1282 868 sunt.

802 953 1018 1002 LXXII.

279 1048 440 1112 Neque
478 1047 620 1094 multo
656 1045 844 1093 meliora
877 1053 980 1093 sunt
1011 1045 1270 1107 SIGNA,
1309 1065 1423 1112 quae
1456 1069 1522 1100 ex
1561 1072 1658 1102 na-

176 1135 307 1178 tura
342 1127 620 1192 temporis
658 1136 711 1173 et
743 1126 958 1173 aetatis
995 1128 1098 1190 capi
1136 1136 1339 1192 possunt,
1379 1147 1509 1194 quam
1545 1151 1658 1198 quae

176 1227 233 1258 ex
269 1215 430 1257 natura
464 1206 556 1254 loei
593 1211 638 1253 et
679 1206 892 1254 nationis.

276 1289 486 1351 Angusta
510 1286 626 1334 enim
651 1291 748 1332 erat
771 1292 815 1332 et
834 1286 981 1333 tenuis
1003 1287 1163 1334 notitia
1186 1306 1267 1352 per
1292 1289 1417 1336 illam
1446 1298 1656 1354 aetatem,

178 1369 247 1417 vel
262 1367 494 1432 temporis,
534 1365 603 1412 vel
641 1365 786 1423 orbis;
822 1366 938 1428 quod
965 1368 1099 1429 longe
1138 1370 1375 1432 pessimum
1397 1377 1482 1431 est,
1522 1389 1659 1436 prae-

176 1449 331 1497 sertim
355 1448 431 1507 iis,
469 1445 545 1510 qui
573 1444 785 1492 omniain
811 1446 1092 1510 experientia
1123 1455 1310 1512 ponunt.
1357 1449 1517 1514 Neque
1539 1454 1657 1501 enim

175 1529 334 1576 mille
371 1542 638 1583 annorum
674 1524 980 1572 historiam
1014 1544 1126 1590 quae
1163 1528 1299 1591 (ligna
1341 1536 1437 1577 erat
1478 1534 1657 1581 nomine

176 1607 485 1666 historiae,
522 1605 765 1664 habebant,
805 1604 883 1652 sed
910 1605 1086 1654 fabulas
1132 1614 1177 1655 et
1215 1625 1416 1656 rumores
1457 1613 1658 1676 antiqui-

174 1688 297 1737 tatis.
367 1685 623 1750 Regionum
644 1700 748 1732 vero
771 1688 1052 1748 tractumque
1074 1686 1237 1733 mundi.
1250 1689 1457 1752 exiguam
1486 1700 1657 1754 partem

179 1774 410 1827 noverant,
449 1782 547 1813 cum
577 1782 729 1813 omnes
753 1766 1073 1830 hyperboreos,
1116 1767 1358 1832 Scythas,
1397 1788 1549 1819 omnes
1576 1790 1658 1821 oe·

176 1848 443 1907 cidentaleS,
470 1845 659 1906 Celtas,
683 1846 943 1894 indistincte
970 1847 1266 1910 appellarent.
1318 1847 1399 1895 Nil
1425 1851 1470 1896 in
1496 1852 1657 1900 Africa

174 1918 294 1976 ultra
315 1926 511 1974 citimam
533 1926 842 1992 Aethiopiae
866 1933 1053 1989 partem,
1084 1927 1149 1972 nil
1169 1927 1214 1973 in
1237 1927 1352 1974 Asia
1372 1930 1488 1976 ultra
1514 1932 1658 1981 Gan-

169 2025 305 2071 gem,
336 2007 475 2053 multo
496 2005 641 2051 minus
666 2008 769 2052 novi
805 2006 926 2052 orbIs
954 2006 1228 2069 provinciaS,
1266 2024 1321 2055 ne
1347 2025 1428 2071 per
1456 2010 1656 2060 auditum

173 2104 281 2136 sane
320 2091 398 2133 aut
429 2085 593 2132 famam
625 2085 818 2149 aliquam
849 2092 1016 2134 certam
1040 2092 1084 2133 et
1124 2093 1421 2148 constantem,
1456 2098 1655 2141 nossent.

171 2167 270 2215 Imo
302 2171 347 2213 et
365 2165 559 2230 plurima
583 2165 766 2213 climata
791 2172 836 2213 et
856 2183 1016 2226 zonae,
1053 2167 1098 2212 in
1128 2167 1286 2229 quibus
1313 2169 1468 2230 populi
1490 2170 1655 2217 infiniti

173 2247 347 2311 spirant
372 2251 418 2293 et
440 2244 636 2307 degunt,
664 2251 875 2309 tanquam
899 2246 1220 2292 inhabitabiles
1246 2247 1299 2292 ab
1329 2248 1421 2293 illis
1451 2265 1655 2311 pronun-

171 2327 285 2374 tiata
305 2326 420 2383 sint3
449 2324 692 2389 quinetiam
717 2325 1105 2388 peregrinationes
1124 2326 1432 2388 Democriti,
1462 2329 1656 2379 Plato-

172 2407 269 2467 πίε,
291 2405 651 2469 Pythagorae,
671 2422 760 2451 non
782 2405 1054 2469 longinquae
1067 2405 1270 2469 profecto
1289 2407 1365 2453 sed
1385 2408 1533 2471 potius
1550 2411 1654 2456 sub-

172 2486 390 2544 urbanae,
413 2490 462 2532 ut
481 2500 691 2548 magnum
717 2485 887 2549 aliquid
911 2486 1265 2533 celebrarentur.
1301 2486 1484 2534 Nostris
1507 2495 1655 2536 autem

170 2565 476 2629 temporibus,
512 2570 568 2612 et
601 2565 737 2612 novi
773 2566 932 2612 orbis
975 2572 1127 2630 partes
1161 2568 1433 2631 complureS,
1470 2575 1524 2615 et
1567 2586 1656 2617 ve·-

171 2645 322 2693 teris
363 2645 528 2691 orbis
562 2650 781 2706 extrema,
808 2645 1003 2710 undique
1027 2645 1334 2707 innotescunt,
1371 2653 1416 2695 et
1443 2648 1489 2695 in
1519 2649 1655 2696 infi-

171 2723 354 2771 nitum
388 2724 917 2789 experimentorum
951 2726 1209 2774 cumulus
1246 2727 1465 2775 excrevit.

275 2803 446 2866 Quare,
470 2805 511 2852 si
545 2821 603 2853 ex
626 2805 876 2853 nativitatis
898 2811 975 2852 aut
996 2806 1232 2869 geniturae
1256 2811 1474 2871 tempore,
1504 2813 1655 2854 astro-

170 2881 377 2946 logorum
414 2901 538 2933 more
552 2919 570 2946 ,
617 2886 747 2949 signa
785 2885 1005 2950 capienda
1052 2886 1170 2946 sint,
1218 2887 1303 2932 nil
1349 2903 1390 2931 m
1406 2886 1538 2946 agni
1587 2885 1653 2934 de

171 2959 312 3008 istis
347 2963 754 3030 philosophiis
790 2965 1138 3031 significari
1176 2964 1431 3012 videtur.
