1947 3456
244 297 338 344 100
661 314 665 318 ·
771 295 1069 340 VERULA
1088 296 1198 338 ΜῙΙ

241 419 424 466 lmisset.
494 416 558 464 At
592 416 710 464 aevis
742 415 1028 479 sequentihus
1072 416 1219 464 Titus
1242 416 1414 463 Livius
1435 415 1591 461 melius
1618 431 1709 461 rom

240 499 432 546 advertit
460 502 503 543 et
537 496 834 558 introspexit,
886 502 1016 557 atque
1048 496 1108 542 de
1135 495 1434 542 Alexandro
1461 493 1710 557 hujllsmodi

240 579 446 642 quippam
470 575 608 620 dixit:
632 575 766 621 Eum
786 592 886 621 non
901 574 1048 622 aliud
1065 590 1216 638 quam
1239 576 1360 622 bene
1374 590 1558 622 ausum
1576 590 1711 621 vana

241 666 581 707 contemnere.

338 747 488 809 Atque
512 743 656 790 simile
689 743 820 789 etiam
848 741 901 788 de
926 741 1054 788 nobis
1070 740 1306 803 judicium,
1341 741 1504 787 suturis
1533 746 1708 804 tempo-

238 827 362 873 ribus
396 825 558 871 sactum
585 823 640 868 iri
668 823 998 869 existimamus:
1041 820 1150 869 Nos
1179 820 1255 868 m'l
1277 821 1706 884 magm'fecz'sse;

239 906 332 955 sed
348 912 558 952 tantum
581 920 658 962 ea,
687 920 816 968 quae
837 918 942 967 pro
966 901 1167 963 magnis
1184 899 1456 958 habentur,
1492 900 1707 948 minoris

226 985 440 1049 fecisse.

342 1074 434 1122 Sed
466 1072 672 1130 interim,
726 1069 838 1133 quod
861 1070 951 1131 jam
982 1068 1202 1126 diximus,
1233 1081 1360 1117 NON
1396 1082 1509 1120 EST
1546 1083 1710 1130 SPES,

237 1168 365 1205 NISI
420 1166 481 1201 ΙΝ
531 1158 1084 1199 REGENERATIONE
1135 1160 1605 1209 SclEN'rlARUM,
1662 1154 1711 1195 Ut

239 1250 337 1293 eae,
372 1231 548 1278 scilicet
581 1229 635 1274 ab
672 1227 980 1292 experientia,
1028 1234 1151 1274 certo
1187 1227 1342 1288 ordine
1374 1229 1627 1274 excitentur
1670 1234 1714 1274 et

237 1328 392 1360 rursus
418 1308 692 1366 condantur3
731 1307 844 1370 quod
871 1306 1013 1353 adlme
1035 1305 1199 1352 sactum
1227 1322 1324 1354 esse
1352 1312 1428 1354 aut
1452 1307 1712 1370 cogitatum,

237 1408 384 1452 nemo,
423 1395 469 1435 ut
497 1387 782 1445 arbitramur,
817 1385 1119 1433 affirmaverit.

870 1507 1099 1555 XCVIII.

305 1604 456 1666 Atque
506 1598 917 1664 experientiae
971 1597 1366 1657 fundamenta,
1430 1597 1605 1661 quando
1653 1598 1708 1645 ad

238 1685 355 1730 liano
388 1683 568 1728 omnino
595 1678 915 1727 deveniendum
951 1682 1044 1736 est,
1094 1681 1192 1722 aut
1241 1677 1430 1733 nulla,
1479 1684 1574 1724 aut
1620 1677 1710 1723 ad-

237 1762 453 1809 modum
490 1760 730 1807 insirma
770 1756 954 1804 adhue
1000 1756 1259 1814 fuerunt3
1309 1772 1415 1802 nee
1450 1757 1711 1820 partic-u-

237 1842 448 1888 larium
486 1840 648 1902 sylva
684 1842 738 1884 et
773 1835 1067 1895 materies,
1104 1835 1172 1882 vel
1198 1851 1399 1895 numero,
1439 1836 1508 1883 vel
1529 1853 1712 1899 genere,

236 1922 307 1969 vel
331 1918 616 1978 certitudine,
652 1914 933 1962 informando
963 1914 1213 1962 intellectui
1240 1922 1494 1978 competens
1519 1921 1596 1962 aut
1619 1917 1712 1962 ullo

237 1999 368 2047 modo
391 1998 636 2055 sufficiens,
672 1994 852 2040 adhue
886 1994 1159 2057 quaesita
1197 2000 1375 2041 estet
1411 2001 1708 2057 congesta.

237 2078 334 2127 Sed
357 2083 538 2134 eontra,
576 2074 776 2121 homines
798 2073 934 2132 docti,
971 2073 1117 2135 supini
1146 2089 1252 2119 sane
1282 2078 1325 2119 et
1355 2073 1528 2132 faciles,
1557 2090 1712 2120 rumo-

234 2174 308 2205 res
339 2155 551 2220 quosdam
589 2152 895 2217 experientiae
931 2156 975 2197 et
1015 2151 1139 2214 quasi
1178 2151 1318 2198 famas
1352 2157 1396 2197 et
1425 2167 1557 2198 auras
1595 2153 1710 2216 ejus,

237 2236 292 2283 ad
309 2234 638 2300 philosophiam
658 2248 779 2279 suam
806 2231 874 2277 vel
897 2229 1249 2277 constituendam
1271 2231 1337 2276 vel
1363 2230 1708 2277 confirmandam

237 2320 538 2379 exceperunt,
577 2321 708 2374 atque
742 2310 835 2356 illis
868 2308 1157 2355 nihilominus
1180 2309 1351 2372 pondus
1390 2310 1581 2373 legitimi
1616 2316 1710 2357 tes-

236 2392 766 2443 timouii'attribuerunt.
835 2388 908 2435 Ae
939 2388 1074 2435 veluti
1113 2388 1151 2434 si
1190 2405 1372 2451 regnum
1419 2389 1598 2453 aliquod
1634 2396 1710 2437 aut

238 2479 408 2531 status,
443 2488 531 2518 non
560 2487 613 2517 ex
646 2468 791 2515 literis
827 2473 871 2514 et
906 2467 1200 2514 relationibus
1234 2484 1259 2513 a
1281 2469 1441 2530 legatis
1472 2474 1517 2515 et
1537 2469 1708 2515 nuntiis

238 2552 324 2599 fide
358 2551 504 2613 dignis
536 2549 710 2608 missis,
748 2546 823 2593 sed
860 2563 916 2593 ex
949 2546 1217 2591 urbanorum
1254 2548 1550 2594 sermunculis
1587 2554 1632 2595 et
1653 2564 1709 2594 ex

236 2630 382 2678 triviis
404 2629 596 2676 consilia
623 2643 703 2673 sua
740 2631 785 2672 et
809 2623 989 2687 negotia
1019 2625 1313 2686 gubernaret3
1351 2626 1528 2673 omnino
1565 2625 1708 2672 talis

236 2710 292 2756 in
349 2705 777 2772 philosophiam
835 2703 1316 2765 administratio,
1387 2710 1603 2768 quatenus
1651 2703 1706 2750 ad

236 2787 585 2852 experientiam,
632 2782 975 2831 introducta
1020 2789 1124 2830 est.
1204 2782 1304 2830 Nil
1360 2783 1523 2830 debitis
1564 2782 1707 2829 modis

235 2867 533 2930 exquisitum,
563 2865 628 2912 nil
657 2863 957 2921 verificatum,
1003 2862 1068 2907 nil
1106 2868 1410 2922 numeratum,
1445 2861 1510 2907 nil
1532 2877 1706 2925 appen-

234 2962 347 3004 sum,
384 2947 448 2992 nil
475 2946 717 2992 dimensum
753 2943 807 2988 in
858 2940 1116 2987 naturali
1164 2941 1422 2988 historia
1464 2941 1705 3006 reperitur.
