1947 3456
273 312 367 357 122
793 309 1223 354 VERULAMII

893 429 1121 478 CXVIII.

371 510 672 559 Occurret
702 508 874 556 etiam
913 510 1101 557 alicui
1132 507 1552 574 proculdubio,
1585 513 1739 572 pos‘t-

268 608 426 659 quam
463 589 644 651 ipsam
682 586 999 635 historiam
1048 594 1303 635 nostram
1350 593 1402 635 et
1447 586 1740 634 inventio-

266 673 354 721 ni's
387 667 620 717 tabulas
654 667 999 730 perlegerit,
1035 666 1256 730 aliquid
1291 667 1348 713 in
1384 666 1533 732 ipsis
1570 682 1740 730 expe-

266 746 537 799 rimentis
577 745 765 792 minus
802 751 1049 806 certum,
1098 746 1189 793 vel
1225 746 1453 793 omnino
1497 746 1737 804 falsum3

267 837 434 893 atque
459 829 759 890 propterea
785 841 972 872 secum
1002 824 1258 872 fortasse
1286 825 1600 888 reputabit,
1622 824 1739 869 fun-

267 905 551 957 damentis
581 909 635 951 et
660 904 981 969 principiis
1006 904 1178 952 falsis
1207 909 1262 951 et
1287 903 1476 950 dubiis
1503 903 1739 951 inventa

265 993 464 1036 nostra
498 982 623 1030 niti.

368 1064 580 1112 Verum
615 1061 723 1109 hoc
748 1061 899 1107 nihil
932 1068 1050 1119 est3
1083 1077 1320 1108 necesse
1346 1060 1489 1108 enim
1524 1063 1628 1119 est,
1654 1062 1740 1104 ta·-

266 1147 352 1196 lia
396 1142 497 1191 sub
543 1141 747 1188 initiis
791 1141 1046 1188 evenire.
1117 1139 1292 1194 Simile,
1323 1140 1440 1187 enim
1470 1143 1562 1197 est,
1614 1152 1667 1183 ac
1699 1135 1739 1182 si

264 1228 311 1274 in
341 1220 586 1285 scriptione
614 1225 689 1266 aut
711 1219 1020 1284 impressione,
1056 1235 1144 1265 una
1164 1219 1280 1266 forte
1303 1219 1451 1274 litera,
1485 1222 1561 1264 aut
1579 1217 1738 1274 altera,

263 1316 499 1371 perperam
536 1298 683 1361 posita
718 1304 793 1344 aut
817 1298 1039 1345 collocata
1069 1298 1152 1356 sit3
1187 1296 1238 1344 id'
1258 1299 1371 1345 enim
1400 1298 1620 1360 legentem
1649 1311 1737 1341 non

264 1376 450 1423 multum
472 1376 689 1440 impedire
711 1378 842 1437 solet,
864 1377 1217 1441 quandoquidem
1238 1383 1386 1424 errata
1409 1378 1462 1423 ab
1483 1378 1582 1441 ipso
1604 1392 1735 1423 sensu

262 1456 399 1504 facile
432 1457 732 1519 corriguntur.
802 1455 872 1502 Ita
900 1457 1029 1503 etiam
1056 1457 1253 1520 cogitent
1275 1457 1494 1517 homines,
1528 1456 1669 1518 multa
1690 1455 1736 1500 in

262 1536 452 1584 historia
485 1535 679 1582 naturali
711 1535 1018 1599 experimenta
1049 1536 1163 1582 falso
1192 1535 1314 1583 credi
1343 1541 1388 1583 et
1417 1535 1560 1600 recipi
1586 1551 1737 1604 plqsse,

263 1632 375 1680 quae
396 1615 529 1679 paulo
551 1618 652 1677 post
673 1628 698 1659 a
723 1613 870 1660 causis
896 1619 940 1661 et
962 1614 1258 1662 axiomatibus
1282 1615 1473 1662 inventis
1496 1597 1738 1662 sacifflx-

260 1699 519 1760 punguntur
559 1698 603 1739 et
632 1692 912 1756 rejiciuntur.
984 1692 1078 1740 Sed
1108 1699 1256 1741 tamen
1291 1711 1440 1741 verum
1480 1699 1574 1754 est,
1611 1693 1650 1740 si
1688 1693 1736 1740 in

261 1773 453 1820 historia
480 1771 674 1818 naturali
713 1777 757 1818 et
795 1771 1140 1835 experimentis,
1175 1789 1336 1838 magna
1375 1779 1420 1821 et
1457 1773 1642 1832 crebra,
1691 1777 1736 1820 ct

261 1853 474 1901 continua
499 1850 665 1898 fuerint
695 1856 868 1910 errata,
898 1851 979 1897 illa
1015 1852 1138 1899 nulla
1161 1852 1331 1918 ingenii
1356 1858 1432 1900 aut
1452 1852 1562 1900 artis
1584 1851 1736 1900 felici-

259 1937 352 1980 tate
375 1930 541 1993 corrigi
565 1935 641 1976 aut
664 1929 890 1977 emendari
917 1947 1065 1995 posse.
1716 1928 1717 1931 ’

363 2009 522 2073 Itaque
560 2008 607 2055 si
642 2008 697 2054 in
735 2008 996 2055 historia
1040 2015 1247 2058 nostra
1284 2009 1579 2070 naturali,
1621 2025 1734 2072 quae

262 2095 388 2138 tanta
419 2088 654 2151 diligentia
685 2093 728 2134 et
757 2087 1023 2148 severitate,
1062 2094 1105 2135 et
1134 2089 1227 2136 sere
1259 2089 1509 2151 religione,
1547 2088 1735 2152 probata

263 2175 307 2218 et
336 2169 528 2216 collecta
555 2173 639 2227 est,
673 2166 841 2231 aliquid
864 2166 909 2212 in
936 2167 1281 2230 particularibus
1305 2166 1567 2230 quandoque
1591 2167 1735 2213 subsit

260 2248 472 2297 salsitatis
493 2252 569 2293 aut
590 2248 778 2305 erroris3
809 2244 913 2310 quid
936 2245 1114 2292 tandem
1133 2245 1187 2293 (le
1208 2246 1401 2292 naturali
1422 2245 1609 2293 historia
1635 2246 1736 2292 vul-

261 2329 376 2393 gari,
415 2343 526 2391 quae
546 2341 654 2390 prae
681 2330 834 2372 nostra
857 2330 946 2372 tam
968 2325 1201 2388 negligens
1223 2331 1290 2373 cst
1310 2331 1355 2374 et
1376 2325 1542 2385 facilis,
1575 2323 1734 2372 dicen-

262 2409 364 2455 dum
390 2407 501 2465 erit3
535 2410 612 2452 aut
642 2404 695 2452 ‹le
723 2403 1009 2468 philosophia
1030 2410 1074 2451 et
1098 2404 1299 2452 scientiis
1322 2421 1457 2470 super
1480 2403 1733 2468 hujusmodi

263 2502 439 2546 arenas,
462 2484 532 2531 vel
553 2489 697 2547 syrtes
718 2482 884 2547 potius,
911 2482 1190 2531 aedificatis?
1226 2484 1384 2549 Itaque
1414 2484 1500 2532 hoc
1523 2482 1637 2548 quod
1660 2481 1732 2529 di-

265 2565 428 2624 ximus,
451 2562 668 2610 neminem
689 2567 878 2609 moveat.

906 2638 1089 2688 CXIX.

368 2720 698 2769 Occurrent
727 2719 899 2766 etiam
934 2719 987 2765 in
1025 2718 1276 2767 historia
1315 2723 1519 2765 nostra
1553 2721 1604 2764 et
1640 2731 1728 2762 ex-

265 2798 614 2865 perimentis
650 2797 940 2862 plurimae
976 2814 1084 2845 res.
1149 2797 1305 2844 Primo
1332 2798 1493 2844 leves
1526 2799 1582 2842 et
1608 2795 1730 2840 vul-

266 2886 463 2942 gatae,
501 2876 659 2925 deinde
694 2876 845 2923 viles
881 2881 937 2922 et
976 2876 1352 2936 illiberaleS,
1388 2879 1611 2938 postremo
1647 2873 1731 2919 ni-

268 2958 372 3004 mis
407 2957 658 3004 subtiles
681 2972 745 3003 ac-
767 2970 913 3003 mere
940 2954 1354 3019 speculativae
1389 2959 1434 3002 et
1462 2953 1588 3018 quasi
1613 2953 1731 2999 nul-

1932 1924 1947 2862 ’,ᾑ-ὓ--ῌ-ἐυ-Ἀωη-ΡΔ-ῌ,
