1947 3456
314 301 407 346 112
833 301 1261 347 VERULAMII

979 420 1105 469 CVI.

409 510 484 558 At
520 512 575 556 iu
613 511 1001 559 axiomatibus
1039 510 1479 559 constituendis
1516 511 1779 574 perhanc

308 589 736 648 inductionem,
783 591 1137 636 examinatio
1195 596 1248 636 et
1294 590 1567 654 probatio
1604 590 1779 637 etiam

308 667 580 715 facienda
616 672 728 727 cst,
768 673 942 728 utrmn,
984 668 1098 731 quod
1128 669 1414 715 constituitur
1451 669 1656 728 axioma,
1696 685 1780 732 ap-

307 752 445 792 tatum
470 746 527 792 sit
548 751 715 792 tantum
739 751 782 793 et
804 746 855 791 ad
885 763 1132 792 mensuram
1157 746 1321 793 factum
1354 764 1504 793 eorum
1535 748 1780 810 particula-

306 825 420 870 rium
443 842 497 871 ex
535 825 692 887 quibus
723 824 1000 884 extrahitur,
1032 842 1086 871 an
1123 841 1225 889 yero
1255 826 1315 872 sit
1343 826 1531 888 amplius
1560 839 1605 873 et
1628 826 1780 874 latiuS.

307 903 437 963 Quod
477 903 514 949 si
547 903 603 949 sit
651 903 898 966 amplius
937 909 1011 949 aut
1047 904 1260 964 latius,
1298 903 1556 963 videndum,
1594 920 1648 950 an
1683 919 1780 951 eam

306 998 428 1029 suam
451 980 783 1045 amplitudinem
805 987 848 1027 ct
870 981 1167 1042 latitudinem,
1192 999 1272 1045 per
1293 999 1505 1028 novorum
1531 982 1781 1045 particula-

306 1061 418 1106 rium
457 1060 835 1122 designationem,
882 1061 1006 1121 quasi
1052 1060 1337 1123 fidejussione
1380 1060 1566 1124 quadam
1607 1060 1779 1119 firmet3

306 1155 361 1185 ne
389 1139 456 1185 vel
479 1139 521 1183 in
542 1141 633 1202 jam
655 1137 773 1183 notis
797 1142 966 1183 tantum
993 1138 1269 1195 haereamus,
1305 1140 1372 1193 yel
1395 1140 1567 1186 laxiore
1590 1139 1780 1187 fortasse

307 1217 542 1280 complexu
568 1216 745 1262 umbras
766 1221 809 1262 et
831 1216 996 1263 formas
1029 1218 1306 1277 abstractas,
1344 1233 1431 1264 non
1455 1216 1600 1264 solida
1631 1223 1674 1264 et
1699 1217 1780 1265 dc-

305 1295 542 1342 tcrminata
562 1295 608 1340 in
633 1295 819 1341 materia
843 1312 1118 1358 prensemus.
1252 1295 1258 1299 ’

407 1384 561 1430 Haec
612 1400 743 1430 vero
792 1400 910 1430 cum
951 1384 1005 1430 in
1046 1402 1203 1432 usum
1240 1384 1540 1444 venerint,
1577 1383 1779 1431 solida

304 1468 415 1510 tum
454 1462 664 1510 demum
696 1479 826 1526 spes
864 1463 1067 1509 merito
1106 1463 1430 1511 affulserit.

961 1594 1112 1643 CVII.

407 1687 557 1750 Atque
578 1685 653 1733 hic
679 1686 811 1735 etiam
845 1685 1237 1733 resumendum
1274 1691 1387 1745 est,
1425 1684 1539 1748 quod
1574 1685 1778 1749 superius

307 1765 473 1814 dictum
508 1770 576 1812 est
609 1765 890 1812 de'naturali
925 1765 1210 1829 philosophia
1245 1764 1462 1829 producta
1505 1769 1549 1810 et
1577 1764 1777 1811 scientiis

304 1845 654 1910 particularibus
688 1843 742 1889 ad
778 1859 874 1889 eam
907 1843 1130 1903 reductis,
1167 1849 1226 1890 ut
1261 1860 1369 1890 non
1410 1843 1521 1889 fiat
1556 1842 1777 1890 scissio

304 1930 358 1972 et
397 1922 703 1971 truncatio
741 1922 1152 1980 scientiarum3
1200 1938 1319 1968 nam
1357 1921 1528 1969 etiam
1562 1922 1776 1986 absque

303 2003 433 2062 boc,
469 2002 654 2048 minus
692 2001 755 2048 de
789 2017 1112 2064 progressu
1148 2000 1484 2064 sperandum
1512 2005 1617 2047 est.

950 2130 1126 2180 CVIII.

402 2224 553 2287 Atque
590 2222 643 2270 de
672 2223 982 2286 desperatione
1019 2221 1219 2269 tollenda
1251 2227 1295 2269 et
1325 2238 1404 2285 spe
1434 2220 1665 2283 facienda,
1716 2238 1773 2270 ex

301 2302 534 2367 praeteriti
557 2302 771 2366 temporis
801 2302 1028 2349 erroribus
1057 2302 1206 2348 valere
1226 2301 1365 2364 jussis
1400 2306 1476 2347 aut
1496 2301 1775 2364 rectificatis,

299 2383 390 2444 jam
415 2381 580 2428 dietum
606 2386 688 2427 est.
758 2380 1011 2428 Videndum
1038 2387 1183 2428 autem
1211 2386 1295 2441 cst,
1321 2379 1492 2443 siquae
1516 2380 1636 2427 alia
1667 2381 1773 2437 sint,

304 2476 443 2523 quae
480 2475 630 2523 spem
668 2458 908 2506 faciant.

403 2549 523 2595 Illud
564 2566 667 2596 vero
707 2548 926 2595 occurrit:
976 2547 1015 2593 si
1044 2547 1295 2595 hominibus
1327 2564 1416 2595 non
1442 2548 1771 2612 quaerentibus,

302 2634 347 2676 et
383 2626 503 2674 aliud
533 2627 794 2690 agentibus,
830 2627 970 2673 multa
1007 2627 1162 2687 utilia,
1199 2632 1408 2691 tanquam
1445 2643 1551 2675 casu
1586 2625 1771 2689 quodam

302 2712 379 2754 aut
410 2722 490 2770 per
520 2705 827 2765 occasionem,
869 2706 1048 2751 inventa
1090 2706 1206 2766 sint,
1255 2707 1422 2753 nemini
1456 2706 1634 2752 dubium
1675 2721 1772 2752 esse

301 2802 461 2850 posse,
499 2784 603 2848 quin
631 2783 787 2830 iisdem
818 2784 1131 2846 quaerentibus
1164 2791 1208 2833 et
1230 2785 1314 2832 hoc
1343 2784 1602 2847 agentibus,
1637 2782 1770 2847 idque

302 2865 373 2911 via
394 2869 438 2911 et
461 2862 632 2923 ordine,
656 2879 745 2909 non
769 2862 935 2926 impetu
960 2869 1003 2910 et
1025 2863 1284 2922 desultorie,
1315 2863 1447 2925 longe
1468 2862 1597 2926 plura
1622 2860 1770 2924 detegi

301 2958 484 2990 necesse
506 2942 581 2990 sit.
649 2940 786 2989 Licet
808 2941 923 2989 enim
943 2941 1079 2990 semel
1102 2946 1177 2988 aut
1200 2941 1360 2988 iterum
1383 2940 1588 2989 accidere
1610 2941 1770 3006 possit,
