2031 3490
570 282 832 328 NOVUM
893 281 1275 327 ORGANUM.
1567 277 1660 322 111

187 405 415 468 plumbum
442 406 590 469 potius
617 411 662 452 et
693 404 908 468 pondera,
946 408 992 448 ut
1028 400 1269 447 cohibeant
1301 416 1473 446 omnem
1504 401 1665 448 saltum

187 492 233 533 et
266 485 477 532 volatum.
546 485 734 546 Atque
768 484 873 530 hoc
915 481 1103 543 adhue
1146 480 1359 526 sactum
1404 496 1512 526 non
1552 488 1666 538 est3

188 581 351 628 quum
379 580 510 611 vero
548 563 762 610 factum
801 562 1006 621 fuerit,
1045 560 1255 608 melius
1289 559 1354 608 de
1388 559 1668 608 scientiis

187 659 430 708 sperare
468 642 700 690 licebit.

878 742 978 790 CV.

283 834 336 881 In
365 835 676 882 constituendo
701 841 845 882 autem
874 835 1117 894 axioinate,
1154 833 1341 880 forma
1378 831 1473 878 ind
1487 831 1673 879 uctio—

186 915 276 962 nis
319 915 466 975 alia,
507 930 663 978 quam
713 914 898 960 adhue
940 915 996 960 in
1051 931 1149 960 usu
1185 914 1322 973 fuit,
1372 912 1673 975 excogitanda

186 1001 280 1053 est3
319 1011 458 1058 eaque
489 1010 577 1040 non
612 992 665 1039 ad
699 993 923 1057 principia
951 998 1152 1053 tantum,
1201 1008 1313 1056 quae
1343 997 1526 1051 vocant,
1562 1009 1675 1056 pro-

185 1074 332 1122 banda
366 1079 412 1121 et
452 1072 746 1132 invenienda,
791 1073 868 1120 sed
902 1073 1034 1120 etiam
1075 1073 1131 1120 ad
1165 1073 1393 1120 axiomata
1426 1071 1601 1118 minora
1632 1077 1678 1119 et

185 1153 358 1214 media,
395 1152 586 1217 denique
613 1152 778 1200 onmia.
1308 1153 1316 1160 ’

289 1243 498 1291 Inductio
522 1243 656 1304 enim,
688 1260 800 1308 quae
825 1244 1029 1308 procedit
1054 1260 1133 1308 per
1162 1241 1543 1292 enumerationem
1564 1241 1675 1288 sim-

185 1324 379 1388 plicem,
417 1339 488 1370 res
525 1324 713 1387 puerilis
748 1330 842 1383 est,
880 1330 925 1371 et
960 1324 1164 1387 precario
1191 1321 1448 1381 concludit,
1483 1327 1527 1368 et
1549 1320 1675 1385 peri-

186 1405 290 1452 culo
312 1403 554 1467 exponitur
588 1404 642 1449 ab
678 1404 895 1451 instantia
923 1402 1305 1461 contradictoria,
1344 1406 1388 1448 et
1416 1402 1676 1466 plerumque

187 1483 429 1532 secundum
460 1483 677 1546 pauciora
707 1500 837 1547 quam
868 1499 952 1547 par
979 1488 1076 1542 est,
1107 1488 1151 1529 et
1177 1498 1232 1529 ex
1274 1481 1344 1527 his
1368 1480 1674 1528 tantummodo

187 1580 300 1628 quae
327 1568 505 1627 praesto
527 1570 655 1622 sunt,
695 1564 973 1627 pronuntiat.

285 1656 351 1702 At
372 1653 601 1713 inductio,
638 1669 749 1717 quae
774 1653 829 1700 ad
852 1652 1151 1700 inventionem
1183 1658 1228 1699 et
1252 1651 1678 1700 demonstrationem

186 1734 476 1783 scientiarum
514 1739 558 1781 et
581 1733 742 1780 artium
765 1733 851 1781 erit
884 1733 1036 1793 utilis,
1077 1739 1519 1796 naturamseparare
1545 1731 1677 1779 debet

187 1832 269 1880 per
301 1813 572 1879 rejectiones
615 1818 660 1860 et
692 1813 978 1860 exclusiones
1025 1813 1228 1871 debitas,
1275 1828 1329 1858 ac
1370 1811 1531 1858 deinde
1574 1816 1676 1875 post

187 1895 419 1958 negativas
451 1898 517 1940 tot
545 1898 651 1956 quot
690 1893 950 1952 sufiiciunt,
991 1909 1126 1956 super
1160 1890 1450 1938 affirmativas
1485 1892 1676 1938 conclu-

188 1974 318 2033 dere3
351 1972 467 2038 quod
506 1972 651 2019 adhuc
689 1972 854 2019 sactum
893 1989 980 2019 non
1015 1978 1114 2032 est,
1164 1987 1246 2018 nec
1282 1976 1500 2018 tentatum
1533 1978 1675 2031 certe,

187 2054 275 2101 nisi
297 2052 602 2101 tantummodo
628 2068 653 2098 a
677 2053 920 2112 Platone,
953 2051 1026 2115 qui
1050 2051 1105 2098 ad
1127 2049 1421 2099 excutiendas
1445 2049 1676 2097 definitio-

187 2149 267 2181 nes
310 2139 354 2180 et
398 2132 552 2194 ideas,
600 2132 686 2180 hae
725 2139 846 2180 certe
888 2132 1032 2179 forma
1072 2130 1346 2178 inductionis
1393 2130 1676 2193 aliquatenus

187 2212 343 2260 utitur.

292 2300 463 2349 Verum
507 2301 562 2348 ad
608 2300 782 2366 hujus
834 2300 1108 2348 inductionis
1147 2300 1242 2346 sive
1279 2299 1675 2348 demonstrationis

188 2381 528 2429 instructionem
551 2382 708 2428 bonam
734 2387 778 2428 et
796 2381 1060 2444 legitimam,
1084 2379 1676 2443 quamplurimaadhibenda

187 2466 321 2521 sunt,
354 2476 466 2525 quae
489 2460 635 2508 adhuc
657 2461 824 2507 nullius
851 2461 1104 2508 mortalium
1129 2460 1448 2522 cogitationem
1470 2460 1675 2519 subiere3

189 2540 301 2588 adeo
336 2546 386 2587 ut
419 2540 466 2587 in
489 2557 543 2588 ea
570 2541 715 2605 major
735 2541 796 2588 sit
825 2539 1127 2589 consumenda
1158 2555 1321 2603 opera,
1361 2556 1490 2603 quam
1529 2540 1675 2587 adhuc

189 2625 423 2668 consumta
446 2621 582 2668 estin
605 2622 882 2685 syllogismo.
937 2622 1089 2685 Atque
1116 2619 1250 2683 liujus
1283 2618 1557 2667 inductionis
1590 2635 1675 2666 au-

191 2700 323 2760 xilio,
358 2716 447 2748 non
473 2701 617 2748 solum
644 2701 699 2748 ad
722 2701 949 2748 axiomata
971 2699 1263 2760 invenienda,
1301 2701 1588 2748 verumetiam
1618 2699 1675 2745 ad

189 2780 398 2828 notiones
422 2781 728 2828 terminandas
752 2779 962 2827 utendum
985 2786 1069 2827 est.

290 2869 482 2935 Atque
517 2872 574 2918 in
610 2871 730 2933 liae,
763 2876 948 2931 certe,
988 2869 1356 2928 inductione,
1394 2883 1530 2931 spes
1566 2881 1677 2913 ma-

191 2946 345 2995 xima
378 2951 496 2998 sita
531 2957 635 3000 est·
