2031 3490
580 275 827 321 NOVUM
877 271 1259 320 ORGANUM.
1571 269 1667 317 123

176 400 295 448 lius
328 416 487 461 usus3
518 397 635 465 quod
666 414 808 462 genus
829 411 1005 456 rerum,
1039 392 1267 441 hominum
1292 391 1440 440 studia
1466 398 1670 443 avertere

179 487 225 529 et
247 481 446 530 alienare
471 478 632 544 possit.

284 561 436 625 Atque
468 559 521 605 de
541 555 643 604 istis
665 555 817 616 rebus,
852 570 965 619 quae
992 551 1198 599 videntur
1229 551 1523 615 vulgatae,
1554 550 1670 599 illud

180 640 384 689 homines
404 638 628 703 cogitent:
665 636 812 683 solere
833 650 941 681 sane
962 649 1039 680 eos
1065 631 1210 678 adhue
1236 631 1347 677 nihil
1374 629 1496 677 aliud
1516 647 1671 695 agere,

183 737 315 785 quam
350 725 399 766 ut
432 733 619 777 eorum,
657 731 770 780 quae
808 729 914 761 rara
947 718 1078 772 sunt,
1117 727 1305 771 causas,
1344 710 1398 758 ad
1437 727 1520 772 ea,
1559 727 1673 776 quae

180 800 442 863 frequenter
477 796 622 857 fiunt,
658 795 859 842 referant
893 798 938 840 et
973 791 1335 839 accommodent:
1373 797 1419 838 at
1455 792 1673 856 ipsorum,

185 894 300 944 quae
329 878 590 942 frequenter
616 875 842 934 eveniunt,
880 873 1028 919 nullas
1051 888 1210 919 causas
1229 871 1477 936 inquirant,
1515 870 1592 919 sed
1621 887 1676 919 ea

184 958 285 1023 ipsa
304 957 528 1022 recipiant
553 959 762 1017 tanquam
786 968 1002 1000 concessa
1025 958 1069 998 et
1090 951 1301 999 admissa.

288 1037 362 1084 Ita
396 1052 486 1083 non
505 1034 776 1102 ponderis,
811 1050 898 1080 non
922 1031 1211 1081 rotationis
1230 1031 1547 1091 coelestium,
1585 1046 1677 1077 non

185 1115 395 1178 caloris,
421 1132 508 1163 non
522 1114 777 1180 frigoris,
804 1130 890 1160 non
914 1113 1137 1172 lumim's,
1165 1129 1252 1159 non
1281 1112 1416 1172 decri,
1440 1126 1528 1157 non
1553 1110 1679 1159 mol-

187 1196 269 1256 lis,
306 1214 394 1244 non
418 1196 607 1255 tenuis,
640 1211 727 1241 non
750 1194 910 1254 densi,
948 1211 1034 1240 non
1056 1193 1253 1259 liquidi,
1278 1210 1366 1240 non
1392 1191 1678 1240 consesten—

189 1277 278 1335 tis,
315 1293 403 1323 uon
441 1274 681 1336 antimatz',
717 1291 806 1321 non
834 1274 1128 1333 zbmm'mati,
1166 1291 1254 1321 non
1287 1272 1551 1331 similaris,
1591 1288 1680 1317 non

187 1356 534 1416 desszim’laris,
562 1371 647 1403 nee
676 1353 850 1402 demum
880 1355 1124 1417 organici
1140 1370 1300 1403 causas
1325 1358 1563 1418 quaerunt,
1601 1351 1681 1397 sed

189 1434 284 1483 illis
319 1442 532 1501 tanquam
561 1452 644 1501 pro
678 1434 959 1483 evidentibus
992 1441 1037 1482 et
1067 1436 1318 1483 manifestis
1348 1432 1574 1496 receptis,
1626 1430 1681 1478 (le

191 1515 385 1563 caeteris
411 1517 563 1577 rebus,
601 1532 715 1580 quae
746 1532 834 1563 non
867 1520 1015 1562 tamen
1040 1514 1301 1580 frequenter
1326 1522 1371 1564 et
1397 1515 1683 1566 familiariter

191 1602 459 1657 occurrunt,
497 1595 728 1660 disputant
754 1601 799 1643 et
817 1595 1038 1660 judicant.

297 1685 343 1735 N
347 1704 396 1735 os
436 1704 571 1749 vero,
618 1687 694 1752 qui
722 1687 833 1734 satis
869 1686 1034 1734 scimus
1048 1721 1063 1747 ,
1101 1687 1274 1735 nullum
1314 1688 1368 1737 de
1412 1691 1545 1738 rebus
1567 1693 1683 1739 raris

195 1772 272 1814 aut
294 1768 571 1815 notabilibus
580 1767 801 1832 judicium
814 1766 913 1814 fieri
933 1783 1085 1831 posse,
1110 1769 1428 1832 multominus,
1450 1787 1524 1819 res
1546 1789 1685 1820 novas

195 1847 244 1894 in
281 1848 429 1896 lucem
467 1848 699 1913 pertrahi,
757 1848 924 1911 absque
976 1848 1225 1911 vulgarium
1267 1867 1416 1898 rerum
1454 1855 1602 1902 causis
1641 1862 1686 1903 et

197 1943 431 1975 causarum
454 1928 602 1976 causis
625 1928 711 1976 rite
737 1927 1007 1976 examinatis
1029 1934 1074 1974 et
1099 1929 1316 1992 repertis3
1352 1935 1609 1982 necessario
1631 1936 1688 1983 ad

196 2023 270 2055 res
301 2009 636 2072 vulgarissimas
671 2010 717 2057 in
742 2008 977 2056 historiam
1011 2015 1206 2055 nostram
1246 2012 1530 2076 recipiendas
1560 2033 1689 2064 com-

197 2088 428 2153 pellimur.
499 2089 758 2150 Quinetiam
781 2089 847 2135 nil
870 2087 1012 2152 magis
1034 2088 1350 2154 philosophiae
1378 2094 1583 2143 offecisse
1606 2097 1690 2145 de·-

200 2169 545 2234 prehendimus,
583 2186 713 2234 quam
758 2169 875 2234 quod
914 2185 1016 2229 res,
1075 2186 1188 2233 quae
1227 2171 1474 2221 familiares
1511 2182 1616 2224 sunt
1646 2184 1691 2226 et

201 2248 462 2313 frequenter
484 2256 744 2310 occurrunt,
782 2250 1206 2314 contemplationem
1226 2251 1453 2300 hominum
1478 2273 1565 2304 non
1592 2276 1694 2307 mo-

204 2335 361 2376 rentur
391 2335 436 2377 et
466 2330 713 2391 detineant,
751 2329 828 2377 sed
863 2330 1142 2394 recipiantur
1175 2332 1338 2393 obiter,
1370 2351 1514 2400 neque
1539 2355 1692 2387 earum

205 2425 368 2457 causae
402 2410 556 2475 quaeri
587 2410 787 2458 soleant:
830 2417 877 2458 ut
911 2427 1003 2458 non
1043 2411 1223 2476 saepius
1263 2414 1519 2479 requiratur
1547 2418 1695 2467 infor·-

205 2490 342 2538 matIO
367 2489 421 2539 de
441 2492 574 2540 rebus
595 2491 791 2555 ignotis,
830 2507 961 2556 quam
985 2492 1174 2540 attentio
1196 2493 1243 2540 in
1268 2495 1406 2543 notis.

872 2625 1031 2675 CXX.

314 2718 475 2781 Quod
531 2735 667 2767 vero
719 2719 783 2767 ad
832 2735 1017 2767 rerum
1075 2720 1402 2770 utilitatem
1457 2723 1694 2785 attinet,

210 2799 281 2847 vel
313 2799 447 2848 etiam
473 2799 816 2864 turpitudinem,
854 2801 1049 2866 quibus,
1080 2806 1130 2848 ut
1161 2801 1226 2849 ait
1256 2803 1487 2863 Plinius,
1534 2803 1696 2853 Itonos

208 2882 539 2944 praefandus
567 2888 676 2937 est;
719 2897 799 2928 eae
830 2896 922 2941 res,
960 2897 1050 2928 non
1079 2881 1226 2927 minus
1257 2898 1386 2945 quam
1418 2883 1697 2932 lautissimae

215 2963 261 3005 et
283 2961 634 3023 pretiosissimae
671 2961 724 3009 in
762 2960 1070 3008 historiam
1106 2963 1434 3011 naturalem
1471 2963 1700 3030 recipien-
