1947 3456
302 300 368 349 7²4
854 303 1290 348 VERULAMII

301 442 358 473 ex
402 439 590 472 occursu
631 439 778 470 rerum
822 429 991 470 tantum
1036 423 1271 470 consilium
1322 420 1529 485 capiunt,
1575 423 1772 470 circum-

299 505 503 552 feruntur
531 501 584 548 ad
608 502 775 561 multa,
811 502 887 549 sed
927 519 1080 566 parum
1114 506 1400 565 promovent,
1437 504 1481 547 et
1508 499 1769 563 quandoque

300 583 523 647 gestiunt,
561 579 823 643 quandoque
866 580 1200 641 distrahuntur,
1251 585 1295 628 et
1325 594 1499 642 semper
1537 577 1768 625 inveniunt

301 661 415 726 quod
451 658 638 706 ulterius
677 666 908 721 quaerant.
977 658 1095 706 Fere
1123 665 1269 706 autem
1301 658 1366 705 ita
1395 657 1462 717 fit,
1498 656 1769 704 uthomines

298 739 516 787 leviter
561 743 614 784 et
658 742 919 801 tanquam
967 754 1068 800 per
1113 737 1306 783 ludum
1355 736 1768 799 experiantur,

305 817 519 867 variando
545 816 776 880 paululum
807 816 1111 879 experimenta
1146 817 1239 880 jam
1272 814 1479 878 cognita,
1521 819 1592 875 et,
1628 814 1667 860 si
1695 829 1768 861 res

303 914 391 945 non
408 894 636 955 succedat,
667 894 938 942 fastidiendo
964 899 1008 941 et
1034 901 1239 942 conatum
1275 891 1536 941 deserendo.

399 974 530 1035 Quod
549 974 588 1019 si
608 974 746 1037 magis
768 975 886 1022 serio
908 982 953 1022 et
981 979 1238 1022 constanter
1258 989 1309 1020 ac
1330 971 1556 1019 laboriose
1576 969 1637 1016 ad
1673 986 1768 1018 ex-

300 1055 624 1120 perimenta
648 1068 696 1099 se
719 1053 973 1116 accingant,
994 1059 1139 1099 tamen
1162 1053 1217 1097 in
1242 1068 1346 1097 uno
1375 1050 1568 1114 aliquo
1601 1065 1767 1112 expc-

300 1135 540 1181 rimento
571 1130 825 1177 eruendo
863 1148 1095 1195 operam
1131 1131 1452 1187 collocant,
1477 1127 1766 1192 quemadmo-

300 1212 402 1259 dum
458 1209 721 1258 G-z'lbertus
770 1208 826 1255 in
877 1215 1163 1273 magnete,
1225 1208 1453 1273 Cleqsmz‘ci
1491 1207 1547 1253 in
1603 1221 1758 1253 auro.

297 1291 402 1339 Hoc
429 1294 576 1335 autem
604 1287 776 1334 faciunt
804 1288 1005 1336 homines
1037 1280 1359 1335 instituto‘non
1381 1286 1526 1334 minus
1542 1283 1767 1347 imperito,

301 1386 431 1434 quam
470 1366 609 1414 tenui.
688 1364 832 1414 Nemo
877 1369 993 1414 enim
1028 1368 1218 1431 alicujus
1260 1366 1327 1414 rei
1361 1371 1565 1412 naturam
1591 1363 1638 1409 in
1667 1362 1768 1426 ipsa

298 1465 348 1497 re
367 1447 563 1495 feliciter
589 1451 921 1508 perscrutatur,
966 1445 1043 1493 sed
1076 1445 1330 1509 amplianda
1358 1450 1425 1492 est
1447 1442 1678 1508 inquisitio
1710 1440 1768 1488 ad

299 1527 442 1590 magis
473 1524 738 1572 communia.

397 1602 528 1665 Quod
574 1602 614 1649 si
654 1601 786 1648 etiam
829 1601 1060 1649 scientiam
1109 1600 1345 1666 quandam'
1364 1606 1409 1649 et
1447 1599 1655 1664 dogmata
1698 1616 1765 1647 ex

300 1680 726 1749 experimentis
758 1680 1016 1742 moliantur,
1045 1686 1191 1729 tamen
1213 1697 1388 1745 semper
1418 1680 1540 1727 fere
1575 1677 1764 1726 studio

298 1775 704 1830 praepropero
752 1764 806 1805 et
853 1759 1272 1824 intempestivo
1321 1759 1648 1806 deflectunt
1701 1757 1765 1804 ad

299 1841 537 1909 praxin3
573 1854 663 1885 non
690 1842 860 1884 tantum
883 1844 1067 1902 propter
1095 1855 1221 1886 usum
1248 1844 1292 1886 et
1323 1838 1516 1886 fructum
1546 1836 1764 1902 ejusmodi

298 1937 519 1988 praxeos,
552 1916 630 1965 sed
661 1920 710 1963 ut
740 1915 787 1962 in
816 1933 950 1980 opere
981 1918 1130 1982 aliquo
1162 1935 1276 1965 novo
1312 1917 1450 1965 veluti
1477 1917 1639 1981 pignus
1678 1915 1764 1962 sibi

300 1999 536 2063 arripiant,
573 2012 620 2042 se
643 2011 730 2041 non
747 1995 969 2042 inutiliter
996 1996 1043 2042 in
1079 1997 1265 2062 reliquis
1301 2002 1580 2054 versaturos3
1631 1999 1762 2058 atque

300 2080 436 2129 etiam
476 2075 578 2122 aliis
616 2090 665 2121 se
711 2072 964 2134 venditent,
1013 2074 1067 2120 ad
1117 2076 1491 2123 existimationem
1532 2073 1762 2122 meliorem

300 2153 642 2221 comparandam
671 2151 726 2199 de
749 2151 823 2212 iis,
859 2151 904 2198 in
927 2152 1084 2216 quibus
1111 2155 1317 2218 occupati
1343 2160 1463 2203 sunt.

400 2235 472 2282 Ita
502 2233 580 2292 fit,
627 2237 701 2291 nt,
749 2249 871 2279 more
906 2233 1220 2293 Atalantae,
1267 2233 1321 2281 de
1352 2234 1424 2281 via
1458 2229 1674 2280 decedant
1705 2227 1761 2274 ad

299 2313 545 2364 tollendum
570 2327 748 2357 aureum
770 2326 965 2374 pomum,
988 2312 1165 2360 interim
1192 2329 1296 2360 vero
1323 2329 1500 2360 cursum
1516 2311 1761 2357 interrum-

298 2400 407 2460 pant
447 2397 491 2439 et
523 2389 754 2437 victoriam
776 2391 979 2437 emittant
1013 2407 1038 2438 e
1065 2391 1281 2440 manibus

400 2471 588 2529 Verum,
619 2468 666 2514 in
686 2468 990 2531 experientiae
1012 2486 1116 2517 vero
1145 2469 1370 2517 curriculo
1393 2484 1533 2532 eoque
1565 2465 1620 2514 ad
1646 2481 1760 2513 nova

298 2548 613 2618 producendo,
650 2546 846 2593 divina
890 2547 1200 2610 prudentia
1241 2548 1466 2596 omnino
1511 2551 1568 2594 et
1602 2544 1757 2604 ordo,

298 2647 380 2696 pro
404 2624 650 2689 exemplari
668 2624 880 2671 sumenda
906 2632 1023 2674 sunt.

401 2702 605 2754 DEUS
664 2708 811 2750 autem
853 2703 1104 2752 PRIMO
1163 2703 1299 2752 DIE
1346 2702 1586 2751 creationis
1628 2699 1758 2748 LU-

301 2785 393 2835 GE
406 2785 460 2834 M
483 2787 654 2831 tantum
674 2780 858 2841 creavit,
883 2781 1012 2845 eique
1030 2783 1156 2847 operi
1175 2783 1291 2830 diem
1303 2783 1521 2845 integram
1537 2779 1757 2840 attribuit,

301 2882 383 2914 nec
406 2861 573 2927 aliquid
599 2859 822 2908 materiati
842 2861 990 2924 operis
1011 2877 1064 2908 eo
1091 2861 1162 2908 die
1187 2861 1372 2908 creavit.

403 2941 627 2990 Similiter
647 2945 690 2988 et
736 2956 801 2988 ex
845 2939 1160 2988 omnimoda
1195 2937 1598 3004 experientia,
1641 2935 1756 3001 pri-
