2031 3490
579 261 842 308 NOVUM
903 261 1288 308 ORGANUM.
1582 260 1675 306 121

187 384 264 431 tis
302 385 380 446 [ut
417 386 746 452 empirici]
788 383 889 431 sed
926 399 998 431 ex
1034 383 1320 448 operibus
1357 389 1411 431 et
1447 386 1680 449 experi-

185 464 403 512 mentis
441 480 652 513 causas
690 469 745 511 et
780 462 1110 523 axiomata,
1150 469 1329 528 atque
1366 479 1436 511 ex
1477 466 1680 514 causis

186 549 243 591 et
278 544 675 592 axiomatibus
717 559 917 590 rursus
953 559 1100 589 nova
1138 559 1314 607 opera
1352 550 1406 592 et
1442 546 1681 610 experi-

184 631 374 672 menta
413 626 491 687 [ut
540 621 940 671 LEGITIMI
980 622 1375 672 NATURAE
1424 624 1682 675 INTER-

184 702 527 766 PRETES]
567 702 944 752 extrahamus.

285 784 438 848 Atque
463 784 574 832 licet
604 784 659 831 in
696 784 920 832 tabulis
956 785 1180 832 nostris
1215 785 1558 833 inveniendi
1593 788 1680 850 [ex

185 863 394 927 quibus
430 878 680 919 QUARTA
719 877 875 915 PARS
904 877 1464 917 1NSTAURAT10NIS
1492 869 1682 915 consi-

184 944 308 1005 stit]
349 955 482 1009 atque
511 945 644 993 etiam
664 945 886 1009 exemplis
914 946 1257 1009 particularium
1287 949 1442 1012 [quas
1478 962 1547 998 ΙΝ
1585 964 1682 999 SE-

185 1038 394 1074 CUNDA
426 1038 635 1074 PARTE
672 1024 1033 1087 adduximus]
1074 1033 1208 1092 atque
1237 1028 1424 1093 insuper
1448 1028 1494 1074 in
1522 1029 1684 1077 obser-

183 1104 440 1152 vatiouibus
484 1105 655 1152 nostris
687 1122 823 1169 super
860 1106 1113 1168 historiam,
1162 1108 1294 1172 [quae
1332 1122 1397 1158 {N
1433 1123 1683 1160 TERTIA

183 1198 392 1236 PARTE
424 1197 657 1236 0PER18
694 1185 998 1251 descripta
1032 1188 1135 1250 est]
1173 1188 1318 1252 quivis
1345 1189 1414 1236 vel
1439 1190 1682 1238 mediocris

182 1266 495 1329 perspicaciae
539 1271 584 1314 et
622 1266 866 1327 solertiae,
904 1268 1203 1332 complurium
1240 1285 1424 1332 operum
1461 1270 1681 1317 nobilium

181 1344 576 1394 indicationes
631 1352 684 1394 et
741 1346 1193 1411 designationes
1252 1349 1463 1414 ubique
1521 1356 1682 1399 nota-

180 1425 293 1485 bit;
330 1426 526 1490 ingenue
560 1432 711 1475 tamen
740 1426 957 1490 fatemur,
995 1428 1306 1476 historiam
1337 1432 1682 1494 naturalem,

183 1489 315 1570 quam
359 1506 506 1554 adhuc
543 1506 758 1555 habemus
799 1513 877 1555 aut
914 1525 970 1555 ex
1006 1509 1138 1556 libris
1178 1514 1255 1557 aut
1290 1526 1346 1558 ex
1386 1509 1682 1575 inquisitione

180 1562 396 1651 prona,
433 1593 691 1634 nontam
729 1588 1082 1653 compiosam
1129 1606 1258 1638 esse
1301 1596 1356 1638 et
1395 1592 1682 1641 verifica-

181 1672 318 1728 tam,
353 1673 413 1715 ut
442 1667 752 1731 legitimae
787 1668 1288 1733 interpretationi
1321 1672 1680 1723 satisfacere

182 1753 284 1795 aut
316 1747 665 1796 ministrare
697 1749 910 1813 possit.

285 1826 446 1893 Itaque
467 1827 508 1876 si
529 1828 628 1892 quis
649 1829 705 1876 ad
725 1829 990 1878 mechanica
1008 1830 1069 1878 sit
1090 1831 1234 1895 magis
1254 1836 1386 1896 aptus
1409 1837 1454 1879 et
1477 1838 1678 1896 paratus,

181 1912 316 1972 atque
343 1924 486 1972 sagax
512 1908 568 1955 ad
593 1909 794 1957 venanda
820 1927 976 1975 opera,
1002 1928 1061 1959 ex
1088 1912 1432 1960 conversatione
1455 1914 1554 1961 sola
1579 1930 1680 1961 cum

181 1987 523 2052 experimentis,
545 1989 592 2036 ei
621 1991 1010 2054 permittimus
1039 1997 1094 2039 et
1119 1992 1502 2056 relinquimus
1529 1994 1679 2042 illam

181 2067 570 2130 industriam,
609 2075 670 2117 ut
707 2087 775 2118 ex
806 2071 1069 2119 historia
1104 2078 1312 2120 nostra
1348 2079 1394 2121 et
1430 2075 1678 2136 tabulis,

180 2148 368 2195 multa
399 2153 676 2213 tanquam
715 2150 772 2197 in
811 2151 905 2198 via
941 2151 1258 2216 decerpat,
1296 2159 1356 2201 ct
1393 2154 1680 2218 applicet

182 2226 247 2274 ad
277 2244 478 2292 opera,
519 2244 573 2276 ac
605 2229 745 2276 veluti
774 2230 934 2278 foenus
967 2231 1160 2297 recipiat
1197 2232 1253 2279 ad
1279 2239 1484 2299 tempus,
1534 2235 1680 2285 donec

182 2323 282 2354 sors
310 2307 469 2354 haberi
499 2309 661 2373 possit.

284 2384 384 2434 Nos
425 2403 560 2450 vero,
615 2406 714 2437 cum
760 2388 816 2435 ad
857 2390 1034 2455 majora
1073 2391 1424 2454 contendamus,
1464 2410 1678 2443 moram

183 2481 399 2516 omnem
430 2484 884 2534 praeproperam
914 2476 968 2518 et
994 2480 1417 2535 praematuram
1445 2475 1492 2522 in
1519 2466 1680 2524 istius-

179 2545 302 2594 modi
323 2548 476 2609 rebus,
497 2554 709 2613 tanquam
734 2550 1027 2600 Atalantae
1038 2553 1182 2619 pilas
1204 2559 1254 2600 ut
1277 2555 1458 2619 saepius
1482 2556 1679 2605 solemus

182 2624 353 2688 dicere,
386 2627 734 2678 damnamus.
792 2630 954 2696 Neque
981 2633 1100 2680 enim
1127 2650 1264 2682 aurea
1285 2651 1417 2699 poma
1440 2637 1679 2701 pueriliter

183 2707 463 2770 affectamus,
499 2709 579 2758 sed
609 2710 796 2759 omnia
829 2712 887 2759 in
922 2711 1321 2762 VICTORIA
1358 2732 1570 2764 cursus
1593 2732 1679 2763 ar-

183 2785 262 2834 tis
310 2803 490 2853 super
537 2795 806 2839 naturam
852 2794 1146 2857 ponimus3
1198 2811 1383 2860 neque
1414 2812 1678 2843 muscum

186 2871 283 2913 aut
320 2875 578 2932 segetem
622 2871 929 2920 herbidam
969 2872 1269 2922 demetere
1305 2875 1677 2948 festinamus,

187 2943 285 2993 sed
320 2963 560 2999 messem
597 2952 1007 3019 tempestivam
1038 2958 1469 3018 exspectamus.
