1947 3456
290 263 386 314 154
738 261 976 306 INDEX
1037 259 1301 304 RERUM.

1626 377 1751 412 Pagina

291 434 388 479 Qui
423 430 801 482 philosophiam
836 436 881 466 et
926 426 1176 465 scientias
1218 425 1440 462 maximis
1472 424 1629 462 detri-

461 479 646 518 mentis
674 479 906 516 affecere
994 500 1626 514 ..........
1707 479 1751 512 11

287 529 954 577 Quisolentseimmiscere
983 531 1194 562 naturae
1222 550 1625 562 .......
1702 525 1753 561 44

287 583 383 628 Qui
411 579 680 617 veritatem
709 578 1028 614 christianae
1057 574 1329 621 religionis
1357 585 1413 610 ex
1443 572 1630 623 princi·

464 628 560 677 piis
604 633 648 664 et
688 626 1060 663 autoritatibus
1094 623 1513 671 philosophorum
1551 622 1630 660 de-

461 679 647 714 ducere
683 672 1533 713 etconfirmarehaudveritisunt
1618 699 1628 708 .
1704 674 1754 710 97

288 725 420 771 Quin
447 725 989 775 etturpehominibus
1015 723 1148 758 foret
1234 747 1626 760 .......
1703 725 1754 760 90

287 774 410 821 Quis
438 777 692 820 continuo,
717 775 922 812 uthomo
949 771 1188 810 turbidus
1217 776 1265 807 et
1292 783 1456 808 rerum
1481 782 1629 808 nova-

466 839 565 862 rum
597 825 810 874 cupidus
836 822 1116 871 corripitur
1171 846 1629 858 ........
1682 823 1754 857 100

288 876 427 919 Quae
455 875 616 912 adhuc
643 875 846 911 inventa
876 880 987 909 sunt
1017 872 1062 907 in
1086 870 1338 917 scientiis,
1367 869 1575 919 cujusmodi
1613 896 1623 906 .
1703 871 1753 905 46

289 926 427 969 Quae
452 924 786 974 adjuvandas
822 924 1001 960 homin.
1037 920 1271 957 fortunas
1299 925 1632 969 par.possunt
1703 921 1751 956 71

288 976 430 1018 Quae
455 974 511 1011 ad
550 986 806 1011 sermones
851 980 896 1009 et
943 982 1068 1021 quae
1105 969 1162 1005 ad
1199 980 1352 1018 opera
1395 975 1629 1018 spectant
1703 970 1752 1004 69

287 1025 427 1068 Quae
453 1024 593 1061 nobis
621 1022 887 1072 praesidio
914 1033 1023 1057 esse
1050 1018 1250 1067 possint
1300 1044 1630 1056 ......
1702 1017 1753 1054 24

288 1075 423 1119 Quae
447 1080 724 1111 occurrunt
766 1073 802 1107 in
843 1070 998 1107 historia
1032 1074 1161 1104 nostra
1197 1074 1235 1103 et
1273 1066 1464 1104 homiuum
1501 1067 1626 1104 studia

483 1129 652 1159 avertere
685 1128 722 1158 et
745 1121 909 1157 alienare
931 1118 1095 1169 possint-5
1127 1116 1337 1153 refutantur
1373 1144 1385 1155 .
1437 1144 1446 1153 .
1495 1144 1507 1154 .
1537 1117 1753 1154 122—132

287 1174 424 1217 Quae
452 1172 646 1209 secreti
677 1170 867 1220 aliquid
896 1169 1086 1205 habere
1114 1166 1347 1203 videntur
1390 1193 1434 1204 ψ.
1487 1193 1498 1203 .
1552 1192 1562 1202 .
1616 1191 1628 1202 .
1703 1166 1752 1202 96

287 1222 428 1268 Quod
459 1222 503 1258 in
542 1219 983 1269 contemplatione
1016 1218 1183 1253 instar
1217 1227 1400 1254 causae
1440 1220 1539 1260 est,
1577 1214 1625 1250 id

457 1272 504 1307 in
535 1265 1211 1319 operationeinstarmedii
1274 1281 1281 1285 ’
1297 1291 1567 1303 .....
1617 1266 1679 1302 27.
1703 1263 1752 1300 43

287 1319 432 1364 Quod
460 1321 506 1357 in
535 1319 898 1356 observatione
926 1316 1254 1353 indefinitum
1287 1321 1333 1351 et
1357 1327 1550 1364 vagum,
1581 1313 1628 1350 id

460 1371 506 1406 in
540 1369 902 1406 informatione
937 1367 1098 1403 fallax
1128 1364 1415 1402 etinfidum
1488 1391 1500 1402 .
1554 1390 1563 1401 .
1618 1390 1627 1400 .
1681 1363 1751 1400 107

287 1419 433 1463 Quod
460 1432 559 1467 nos,
583 1431 748 1456 omnes
769 1417 1018 1455 scientias
1046 1422 1196 1465 atque
1223 1426 1390 1451 omnes
1419 1420 1625 1451 autores

496 1479 892 1505 summoveamus
914 1489 1627 1503 ............
1681 1463 1752 1498 126

287 1518 431 1561 Quod
458 1531 659 1568 semper
685 1513 1241 1568 pueriessentGraeci
1287 1539 1298 1551 .
1362 1537 1626 1551 .....
1701 1513 1753 1548 76

287 1569 430 1612 Quod
457 1579 673 1605 summae
700 1565 1082 1614 sitimperitiae
1165 1587 1623 1600 ........
1703 1563 1752 1598 96

286 1618 420 1663 Quot
453 1630 673 1656 errorum
706 1615 1069 1666 impedimenta
1110 1613 1155 1648 in
1191 1612 1507 1662 praeterito,
1556 1615 1629 1647 tot

484 1664 988 1718 speiargumentain
1017 1663 1240 1700 futurum
1296 1686 1625 1700 ......
1679 1658 1751 1696 104

284 1865 459 1913 Radix
485 1872 722 1910 malorum
751 1873 787 1909 in
815 1871 979 1909 scientiis
1045 1893 1571 1908 .........
1612 1867 1673 1905 48.
1701 1867 1751 1904 49

284 1927 434 1968 Ratio
464 1926 693 1970 humana,
718 1924 871 1973 farrago
898 1924 1086 1974 quaedam
1113 1928 1150 1960 et
1179 1922 1373 1971 congeries
1441 1947 1450 1958 .
1504 1947 1514 1956 .
1569 1947 1579 1957 .
1639 1947 1650 1958 .
1679 1921 1750 1957 105

284 1977 435 2017 Ratio
462 1972 1242 2012 nostrainveniendiscientias
1319 1995 1649 2010 ......
1701 1972 1750 2006 63

285 2026 438 2066 Ratio
465 2030 636 2061 nostra
667 2035 783 2073 opere
811 2023 928 2059 ardua
953 2024 1055 2059 dictu
1082 2022 1200 2059 facilis
1243 2048 1255 2059 .
1308 2048 1318 2058 .
1375 2047 1386 2058 .
1434 2046 1446 2058 .
1499 2046 1512 2058 .
1565 2046 1574 2057 .
1615 2021 1673 2057 12.
1703 2020 1752 2055 50

284 2076 434 2116 Ratio
464 2073 915 2110 omniummaxima
942 2072 999 2109 ad
1035 2070 1323 2109 faciendam
1358 2081 1492 2119 spem
1551 2094 1563 2105 .
1614 2095 1626 2106 .
1679 2069 1751 2105 103

284 2123 787 2166 Rationishumanae
819 2122 1118 2172 redargutio
1173 2143 1562 2157 .......
1617 2119 1751 2155 Ο.118

284 2174 517 2215 Rationis
541 2180 745 2209 nostrae
773 2171 1061 2208 similitudo
1107 2192 1626 2208 .........
1702 2168 1751 2203 63

284 2223 522 2264 Rationis
549 2235 684 2271 opuS‚
710 2228 844 2258 natura
872 2222 1034 2269 unicum,
1059 2219 1136 2257 fine
1163 2225 1202 2256 et
1229 2231 1296 2255 usu
1321 2217 1513 2268 geminum
1549 2242 1558 2252 .
1612 2242 1624 2253 .
1702 2217 1753 2253 27

284 2274 529 2314 Rationes
555 2272 679 2308 duae
726 2293 1496 2310 .............
1533 2266 1591 2304 15.
1615 2266 1676 2304 46.
1703 2265 1753 2302 48

285 2323 562 2364 Rationale
592 2333 744 2370 genus
771 2319 1247 2369 philosophantium
1295 2340 1626 2356 ......
1702 2314 1753 2351 64

286 2372 573 2413 Rationalis
600 2371 803 2420 generis
831 2370 1108 2419 exempl-um
1169 2390 1625 2406 ........
1703 2365 1752 2401 65

286 2422 571 2463 Rationalis
596 2421 697 2468 via,
725 2420 877 2468 singulis
903 2418 1162 2457 tantummodo
1191 2418 1320 2467 pervia
1357 2440 1624 2455 .....
1679 2415 1752 2451 117

286 2471 593 2512 Rationales
622 2481 845 2506 aranearum
874 2483 979 2507 more
1041 2489 1625 2506 ..........
1679 2462 1752 2499 104

286 2522 451 2561 Rebus
480 2519 881 2557 submittendum
912 2518 1165 2570 ingenium
1235 2538 1628 2553 .......
1680 2514 1752 2549 117

286 2571 498 2611 RECTA
528 2569 660 2606 ratio
691 2576 737 2606 et
766 2568 926 2605 SANA
951 2568 1136 2617 religio
1165 2564 1477 2615 gubernabit
1551 2587 1562 2599 .
1615 2587 1625 2598 .

287 2620 700 2667 Redargutiones
727 2638 1559 2658 ..............
1591 2614 1651 2649 20.
1679 2611 1750 2647 118

286 2669 599 2717 Redargutio
629 2668 749 2703 hum.
780 2669 1002 2705 rationis
1037 2667 1244 2705 nativae
1271 2672 1320 2702 et
1352 2664 1448 2702 sibi
1477 2672 1627 2712 perm.
1699 2680 1749 2686 —

287 2718 598 2766 Redargutio
626 2717 1115 2756 demonstrationum
1168 2735 1625 2754 ........
1699 2729 1750 2736 -

287 2769 516 2817 Redargu
531 2767 599 2804 tio
628 2766 937 2804 theoriarum
959 2782 1008 2806 sv.
1032 2765 1353 2818 philosophiarum
1375 2770 1411 2802 et
1434 2761 1626 2799 doctrina-

462 2830 543 2854 rum
573 2828 670 2865 quae
699 2823 876 2865 receptae
901 2825 985 2855 sunt
1034 2841 1362 2856 ......
1412 2816 1426 2850 1
1480 2814 1565 2848 ,20.
1589 2811 1650 2846 32.
1678 2810 1750 2846 118

288 2867 640 2918 Regeneratio
678 2873 725 2902 et
775 2865 1085 2906 instauratio
1125 2865 1452 2902 scientiarum
1489 2860 1624 2910 quibus

459 2916 690 2967 temporibus
716 2914 874 2954 debetur
921 2936 1626 2957 ............
1730 2909 1752 2945 5
