2064 3490
697 264 1105 304 PRAEFATIO.
1619 259 1672 301 15

181 385 283 431 dum
307 383 461 430 utilem
487 397 574 427 non
604 382 813 428 suturam.
888 378 968 425 No
986 395 1011 424 n
1051 395 1078 442 p
1094 395 1115 425 r
1131 382 1293 425 aesto
1335 383 1421 423 est
1437 410 1452 436 ,
1490 393 1552 424 116
1568 391 1670 440 quc

183 461 544 510 intransitu
587 460 792 524 capitu
810 476 860 519 r,
911 475 1096 522 neque
1145 474 1212 505 ex
1260 457 1671 520 praenotioni-

185 547 285 592 bus
344 539 702 590 intellectui
759 538 1096 599 blanditur,
1151 553 1249 601 neq
1268 553 1332 585 ue
1389 536 1455 583 ad
1515 536 1671 598 vulgi

181 631 411 689 captum
470 620 586 666 nisi
640 635 741 683 per
802 620 1136 666 utilitatem
1195 624 1249 664 et
1298 616 1532 664 effecta
1581 615 1672 663 dc·-

181 702 439 752 scenden

316 781 425 831 Sint
447 782 598 844 itaque
613 814 628 840 ,
665 779 782 844 quod
808 780 918 828 felix
941 780 1222 843 faustumque
1247 780 1306 825 sit
1331 778 1507 841 utrique
1530 775 1671 839 parti!

182 864 332 911 duae
370 860 782 910 doctrinarum
824 861 1227 907 emanationes
1273 874 1338 905 ac.
1375 856 1516 904 duae
1554 854 1580 901 d
1598 854 1674 900 is-

184 942 600 1008 pensafiones,
641 939 810 987 -duae
866 940 1079 987 similiter
1141 936 1674 1002 contemplantium

181 1025 309 1071 sive
356 1021 522 1086 philo
540 1019 816 1084 sophanti
836 1036 916 1066 um
969 1020 1162 1067 tribus
1199 1033 1254 1064 ac
1288 1017 1428 1065 veluti
1460 1031 1675 1079 cogna-

183 1104 406 1162 tiones,
443 1106 578 1164 atque
603 1099 710 1147 illae
734 1099 992 1165 neutiquam
1012 1100 1132 1148 inter
1157 1115 1206 1145 se
1232 1096 1444 1146 inimicae
1464 1102 1541 1144 aut
1559 1095 1675 1143 alie·-

184 1200 288 1244 nae‚
314 1181 393 1230 sed
409 1181 667 1230 foederatae
695 1186 741 1228 et
768 1180 933 1227 mutuis
953 1180 1140 1227 auxiliis
1165 1178 1426 1236 devinctae3
1464 1177 1524 1224 sit
1545 1175 1676 1224 deni-

184 1280 272 1328 que
291 1263 384 1310 alia
407 1261 698 1310 scientias
725 1260 993 1321 colendi,
1020 1260 1112 1307 alia
1136 1257 1479 1306 inveniendi
1508 1255 1677 1303 ratio.

287 1342 441 1406 Atque
464 1341 625 1406 quibus
652 1341 795 1405 prima
819 1341 970 1406 potior
1002 1346 1046 1388 et
1067 1339 1299 1404 acceptior
1322 1344 1419 1397 est,
1456 1337 1513 1383 ob
1545 1337 1678 1383 festi-

185 1423 414 1471 nationem
437 1422 509 1469 vel
536 1421 652 1469 vitae
675 1421 823 1468 civilis
847 1421 1065 1482 rationes,
1099 1420 1169 1468 vel
1196 1418 1313 1484 quod
1336 1419 1462 1464 illam
1488 1417 1677 1464 alteram

185 1504 244 1550 ob
275 1502 438 1550 mentis
473 1500 780 1548 infirmitatem
814 1517 978 1565 capere
1014 1506 1059 1548 et
1090 1499 1331 1564 complecti
1365 1514 1454 1545 non
1476 1497 1676 1562 possint3

188 1582 254 1644 [id
275 1581 394 1646 quod
415 1582 550 1645 longe
571 1581 778 1645 plurimis
801 1580 1009 1628 accidere
1037 1595 1224 1628 necesse
1245 1580 1332 1639 est]
1360 1584 1595 1642 optamus,
1629 1584 1676 1623 ut

186 1662 244 1710 iis
263 1660 460 1710 feliciter
479 1668 526 1709 et
547 1677 607 1709 ex
631 1666 734 1708 voto
756 1659 971 1708 succedat
993 1659 1112 1724 quod
1133 1666 1290 1724 agunt,
1314 1664 1449 1723 atque
1474 1664 1540 1719 ut,
1559 1657 1677 1723 quod

187 1748 459 1807 sequuntur,
491 1746 692 1789 teneant.

152 1820 156 1826 '
293 1820 429 1882 Quod
451 1820 489 1868 si
519 1820 593 1868 cui
619 1819 875 1867 mortalium
897 1820 1023 1868 cordi
1046 1825 1091 1869 et
1113 1836 1249 1869 curae
1269 1820 1354 1875 sit,
1391 1836 1481 1867 non
1504 1826 1677 1867 tantum

189 1901 385 1951 inventis
416 1900 604 1948 haerere
637 1906 771 1964 atque
797 1900 854 1946 iis
881 1900 971 1960 uti,
1013 1900 1092 1949 sed
1118 1899 1173 1948 ad
1203 1901 1420 1948 ulteriora
1439 1905 1678 1965 penetrare

189 1988 323 2046 atque
355 1997 444 2028 non
484 1979 756 2045 disputando
800 1980 1134 2041 adversarium,
1181 1979 1260 2028 sed
1300 1997 1366 2044 op
1381 1996 1406 2028 e
1421 1997 1480 2028 re
1511 1997 1540 2027 n
1554 1987 1677 2028 atu-

189 2079 303 2109 ram
341 2062 434 2108 vin
449 2077 585 2108 cere
599 2096 614 2122 >
652 2061 870 2125 denique,
906 2077 998 2109 non
1031 2061 1151 2109 helle
1182 2066 1228 2109 et
1252 2061 1552 2125 probabiliter
1573 2062 1679 2126 opi-

189 2142 307 2203 nari,
339 2140 418 2189 sed
450 2146 616 2189 certo
646 2147 702 2189 et
737 2142 1042 2190 ostensive
1073 2141 1261 2200 scire3
1298 2142 1431 2203 tales,
1465 2149 1679 2208 tanquam

190 2222 284 2270 veri
314 2221 606 2270 scientiarum
628 2220 739 2282 filii,
778 2238 844 2268 no
862 2221 974 2282 bis,
1011 2221 1051 2269 si
1084 2221 1333 2283 videbitur,
1370 2239 1431 2270 se
1470 2222 1536 2270 ad
1546 2224 1679 2288 jun-

188 2307 345 2365 gant,
382 2307 429 2348 ut
453 2301 631 2348 omissis
651 2306 839 2349 naturae
862 2302 1009 2363 atriis,
1033 2318 1146 2366 quae
1168 2301 1335 2349 infiniti
1350 2303 1678 2364 contriverunt,

187 2380 384 2427 aditus
417 2380 742 2446 aliquando
778 2381 845 2428 ad
878 2381 1176 2429 interiora
1211 2382 1484 2446 patefiat.

293 2461 446 2523 Atque
473 2465 522 2507 ut
544 2461 706 2508 melius
729 2461 1055 2525 intelligamur,
1093 2467 1228 2526 utque
1254 2462 1366 2509 illud
1391 2463 1536 2527 ipsum
1559 2465 1680 2528 quod

193 2540 423 2600 volumus,
469 2556 528 2587 ex
560 2541 815 2589 nominibus
850 2541 1075 2607 impositis
1105 2543 1249 2606 magis
1280 2542 1567 2591 familiariter
1597 2562 1681 2593 oc-

190 2627 360 2681 currat,
385 2620 528 2667 altera
543 2621 659 2668 ratio
679 2622 773 2669 sive
790 2622 878 2682 via,
913 2620 1073 2670 ANT
1085 2621 1110 2668 I
1123 2620 1160 2669 C
1172 2621 1197 2669 I
1210 2622 1362 2670 PAT
1374 2622 1399 2670 I
1413 2621 1459 2671 O
1487 2622 1542 2671 M
1554 2623 1596 2671 E
1608 2623 1681 2672 N-

193 2698 343 2760 TIS,
376 2700 538 2761 altera,
573 2699 1253 2751 INTERPRETATIO
1297 2701 1680 2752 NATURAE

193 2796 219 2826 a
247 2780 377 2828 nobis
400 2779 625 2845 appellari
650 2782 900 2829 consuevit.

291 2858 378 2908 Est
398 2861 534 2909 etiam
559 2861 676 2926 quod
702 2862 941 2926 petendum
968 2863 1162 2911 videtur.
1232 2862 1330 2911 Nos
1358 2867 1482 2910 certe
1503 2862 1682 2926 cogita-

194 2939 360 2988 tionem
383 2943 665 3007 suscepimus
696 2949 742 2990 et
763 2959 915 2993 curam
947 2943 1231 2991 adhibuimus
1246 2977 1261 3001 ,
1298 2949 1345 2989 ut
1369 2958 1482 3006 quae
1503 2958 1529 2989 a
1553 2944 1681 2992 nobis

559 3019 592 3042 0
