2031 3490
592 242 852 310 No‘vUM
889 262 1261 309 onGANUM.
1569 261 1666 310 133

176 387 232 435 de
278 403 522 452 progressu
566 387 882 446 scientiarum,
936 384 1069 433 fidem
1120 385 1308 434 faciant.
1401 383 1558 450 [taque
1600 386 1664 449 id,

175 467 322 514 verbis
346 468 539 532 amplius
559 467 738 515 vincere
765 482 851 511 non
877 465 1154 514 conabimur.

276 546 433 594 Illud
465 544 703 593 interim
743 550 1087 593 constanter
1122 550 1180 593 et
1216 544 1445 592 diserte
1480 559 1660 590 mone-

172 642 320 687 mus,
367 626 456 673 his
501 624 712 684 modiS,
764 625 958 688 quiin
1009 642 1110 672 usu
1158 629 1318 685 sunt,
1366 639 1472 671 nec
1514 639 1661 686 mag-

171 722 273 753 nos
311 705 367 751 in
413 704 800 752 scientiarum
845 705 1142 753 doctrinis
1189 710 1243 752 et
1298 702 1661 766 contempla-

170 785 332 832 tione
367 801 720 849 progressus
758 784 923 844 fieri,
960 801 1065 832 nec
1101 785 1243 831 illas
1281 783 1345 831 ad
1382 781 1659 846 amplitu-

170 863 354 912 dinem
390 880 622 928 operum
658 863 872 911 deduci
903 880 1092 928 posse.

792 995 1030 1047 CXXIX.

267 1086 587 1153 Superest,
644 1094 703 1136 ut
751 1089 816 1137 de
864 1090 1009 1136 finis
1059 1086 1430 1136 excellentia
1473 1104 1658 1152 pauca

168 1166 443 1216 dicamus.
518 1168 617 1230 Ea,
677 1169 715 1216 si
756 1169 880 1234 prius
927 1168 1049 1215 dicta
1081 1167 1297 1228 fuissent,
1344 1168 1460 1216 votis
1488 1168 1657 1214 similia

167 1247 308 1295 videri
352 1248 629 1313 potuissent3
680 1249 758 1297 sed
805 1266 902 1314 spe
954 1249 1066 1312 jam
1116 1247 1278 1295 facta
1331 1253 1385 1295 et
1430 1247 1655 1311 iniquis

165 1327 568 1392 praejudiciis
604 1329 892 1389 sublatis,
929 1328 1033 1392 plus
1065 1327 1257 1375 fortasse
1279 1326 1492 1391 ponderis
1510 1326 1655 1373 habe-

165 1407 292 1454 bunt.
363 1406 497 1468 Quod
531 1407 571 1454 si
605 1424 687 1466 nos
721 1409 870 1455 omnia
891 1409 1237 1473 perfecissemus
1270 1412 1315 1454 et
1343 1407 1478 1471 plane
1501 1407 1658 1454 absol-

165 1485 400 1547 vissemus,
433 1503 518 1534 nec
542 1487 657 1535 alios
678 1487 723 1534 in
755 1494 929 1552 partem
952 1494 997 1536 et
1023 1488 1300 1537 consortium
1322 1487 1529 1534 laborum
1549 1486 1656 1533 sub-

164 1564 270 1613 inde
295 1582 583 1628 vocaremus,
629 1567 763 1614 etiam
796 1569 851 1615 ab
888 1567 1145 1632 hujusmodi
1177 1566 1324 1615 verbis
1355 1566 1657 1613 abstinuisse-

164 1661 289 1705 mus,
343 1661 401 1692 ne
441 1646 756 1710 acciperentur
797 1648 844 1695 in
883 1647 1277 1711 praedicationem
1307 1646 1457 1693 meriti
1493 1644 1656 1692 nostri.

166 1722 279 1772 Cum
303 1741 406 1772 vero
429 1726 618 1774 aliorum
640 1726 860 1775 industria
890 1728 1090 1775 acuenda
1114 1728 1173 1775 sit
1203 1731 1248 1774 et
1267 1726 1405 1773 animi
1424 1723 1656 1773 excitandi

164 1809 298 1869 atque
328 1805 631 1866 accendendi,
670 1813 1019 1855 consentaneum
1049 1812 1145 1869 est,
1174 1812 1222 1854 ut
1253 1804 1470 1870 quaedam
1506 1804 1656 1852 homi-

163 1885 296 1932 nibus
312 1884 358 1931 in
385 1890 575 1933 mentem
597 1886 870 1949 redigamus.

265 1975 425 2024 Primo
458 1976 638 2041 itaque,
685 1977 921 2025 videtur
956 1976 1328 2025 inventorum
1367 1972 1655 2021 nobilium

163 2056 570 2116 introductio,
617 2057 776 2105 inter
814 2057 1080 2104 actiones
1126 2056 1435 2113 humanas,
1479 2053 1653 2115 longe

163 2135 378 2200 primas
415 2142 616 2201 partes
650 2142 868 2197 tenere,
904 2136 951 2184 id
975 2136 1093 2201 quod
1120 2136 1304 2200 antiqua
1326 2132 1509 2181 saecula
1527 2131 1656 2195 judi-

164 2220 394 2262 caverunt.

265 2293 338 2340 Ea
359 2294 497 2354 enim,
531 2311 723 2342 rerum
756 2293 1167 2342 inventoribus
1205 2293 1440 2340 divinos
1477 2291 1654 2338 hono-

165 2390 253 2421 res
299 2373 658 2434 tribuerunt3
712 2375 788 2422 iis
833 2381 1046 2435 autem,
1095 2375 1170 2438 qui
1200 2374 1246 2421 in
1280 2373 1414 2420 rebus
1446 2370 1654 2419 civilibus

165 2454 475 2514 merebantur,
512 2455 668 2517 quales
697 2460 826 2502 erant
849 2456 1023 2502 orbium
1046 2460 1091 2502 et
1122 2453 1412 2518 imperiorum
1442 2450 1653 2499 condito-

164 2550 254 2594 res,
291 2533 595 2597 legislatores,
630 2534 877 2598 patriarum
902 2551 928 2581 a
956 2534 1179 2582 diuturnis
1211 2534 1341 2581 malis
1365 2533 1653 2590 liberatores,

165 2613 449 2676 tyrannidum
483 2613 811 2675 debellatores,
843 2621 887 2662 et
919 2615 988 2662 his
1019 2616 1216 2676 similes,
1253 2614 1492 2662 heroum
1529 2618 1654 2660 tan-

163 2699 277 2740 tum
313 2693 568 2741 bonores
599 2693 771 2741 decre
787 2700 1011 2743 verunt.

264 2773 418 2838 Atque
447 2779 600 2834 certe,
650 2773 689 2820 si
722 2774 821 2837 quis
860 2792 913 2822 ea
943 2781 1067 2823 recte
1103 2775 1332 2834 conserat,
1366 2775 1535 2838 justum
1570 2772 1656 2819 hoc

166 2851 304 2914 prisci
326 2853 497 2901 saeculi
511 2853 730 2917 judicium
753 2854 965 2918 reperiet.
1018 2854 1088 2902 Et
1103 2873 1126 2902 e
1144 2873 1168 2901 n
1183 2855 1195 2900 i
1213 2871 1254 2900 m
1284 2855 1339 2900 in
1356 2870 1377 2899 v
1390 2858 1523 2900 ento
1539 2869 1559 2897 r
1575 2869 1599 2898 u
1614 2870 1655 2898 ιιι

166 2932 477 2994 beneficia,
513 2933 582 2981 ad
615 2934 942 2982 universum
979 2951 1160 2998 genus
1196 2933 1494 2980 humanum
1536 2948 1658 2997 per-
