1998 3490
625 228 864 275 INDEX
908 227 1176 275 RERUM.
1547 228 1646 278 149

1519 351 1647 388 Pagina

160 395 404 435 Lucifera
436 397 788 447 experimenta
839 425 848 435 .
900 426 910 435 .
961 425 971 435 .
1023 407 1033 419 ·
1085 425 1401 438 ......
1450 401 1534 438 108.
1561 403 1646 440 124.

335 447 545 487 eorundem
576 448 691 484 virtus
776 473 1520 487 .............
1572 455 1645 490 108

160 494 316 534 Lucis
342 497 507 548 ipsius
534 498 724 536 abusus
770 522 1519 537 .............
1570 504 1644 540 136

157 653 334 710 Magia
360 658 730 710 superstitiosa
771 684 1520 699 .............
1593 664 1644 701 93

157 711 352 760 Magiae
378 710 627 748 naturalis
654 710 900 758 cultores,
926 721 1138 761 eorumque
1165 711 1317 749 inventa
1381 737 1392 748 .
1445 740 1454 750 .
1505 714 1567 750 92.
1592 715 1644 751 78

156 761 313 810 Magis
341 768 479 798 certa
508 768 554 798 et
580 760 768 797 munita
797 760 875 797 via
952 787 1517 799 ..........
1593 763 1644 800 46

156 811 482 860 Magistrales
519 810 769 848 scientiae
838 835 844 847 ·.
900 837 1518 849 ...........
1594 815 1642 858 71

155 863 335 910 Magna
363 861 696 898 scientiarum
726 865 886 897 mater
954 886 1455 899 .........
1506 862 1567 900 84.
1593 864 1643 901 85

156 912 410 960 Magnetis
437 910 917 960 comtemplationes
966 937 1515 949 ..........
1593 913 1643 950 59

154 962 415 1010 Magnetis
442 967 648 1004 natura,
677 959 859 1009 imperitis
886 958 1198 1009 impedimentum
1262 988 1517 998 .....
1592 965 1642 999 96

155 1013 384 1060 Magnum
416 1010 687 1047 discrimen
716 1009 849 1047 inter
875 1021 954 1046 res
980 1009 1160 1047 civiles
1189 1014 1237 1046 et
1262 1016 1397 1047 artes
1445 1039 1453 1047 .
1506 1039 1515 1048 .
1568 1014 1643 1048 100

154 1062 420 1110 Magorum
458 1071 616 1109 opera
663 1087 1513 1098 ...............
1591 1063 1644 1099 92

152 1111 287 1148 Mala
313 1109 596 1160 dispositio
625 1109 830 1157 mentis,
870 1115 1016 1146 tantum
1044 1121 1115 1159 per
1141 1121 1340 1146 causarum
1367 1109 1516 1147 indica-

336 1161 477 1197 tionem
505 1158 678 1197 aufertur
713 1186 1516 1198 ..............
1592 1163 1643 1198 22

153 1210 334 1248 Manus
373 1210 507 1247 nuda
572 1236 1449 1249 ...............
1508 1238 1518 1247 .
1591 1211 1643 1248 43

151 1261 307 1298 Maris
344 1260 511 1297 fluxus
549 1266 596 1296 et
634 1259 863 1296 refluxus
896 1259 1158 1310 imperitorum
1205 1260 1517 1310 impedimentum
1591 1263 1642 1299 96

151 1310 522 1348 Mathematica
560 1309 850 1347 similitudo
893 1337 1516 1348 ...........
1569 1313 1643 1348 127

153 1361 488 1398 Materiarum
526 1359 806 1410 inquisitio
888 1387 1514 1398 ...........
1590 1363 1642 1398 29

151 1411 474 1449 Mechanicus
520 1436 1514 1449 .................
1569 1413 1642 1448 107

151 1462 319 1499 Media
346 1460 511 1497 mundi
539 1466 769 1509 tempora
830 1487 1513 1498 ............
1590 1462 1640 1498 83

150 1512 340 1559 Media,
368 1511 562 1548 axiomata
590 1522 680 1547 vera
707 1517 745 1547 et
771 1509 893 1548 solida
919 1517 958 1548 et
985 1510 1068 1548 viva
1095 1511 1132 1547 in
1160 1509 1296 1561 quibus
1322 1510 1513 1549 humanae

325 1574 386 1598 res
415 1568 452 1597 et
480 1562 658 1598 fortunae
710 1585 1517 1600 ..............
1569 1563 1642 1598 110

150 1611 362 1660 Medici,
388 1612 424 1648 in
453 1612 590 1662 quibus
617 1623 773 1660 operam
802 1617 997 1660 praestant
1023 1611 1217 1648 meliorem
1259 1638 1514 1649 .....
1591 1613 1641 1648 69

271 1661 471 1714 quomodo
498 1661 631 1698 melius
656 1661 908 1711 profecissent
955 1688 1208 1699 .....
1245 1691 1248 1693 -
1257 1688 1515 1699 .....
1590 1679 1641 1688 -

151 1710 401 1750 Medicina
453 1739 1514 1750 ..................
1589 1713 1640 1748 85

149 1761 335 1800 Melior
364 1767 412 1800 et
447 1762 638 1800 certior
669 1760 972 1799 intellectus
1001 1761 1316 1812 adoperatio
1369 1788 1378 1798 .
1434 1789 1445 1799 .
1498 1788 1511 1800 .
1587 1762 1638 1798 46

150 1812 285 1851 Mens
308 1825 329 1849 a
341 1826 365 1864 p
378 1812 563 1862 plicetu
576 1824 593 1847 r
615 1810 663 1848 ad
680 1811 892 1849 tabularum
908 1812 1048 1848 auxilia
1064 1818 1295 1862 praeparata
1311 1818 1348 1848 et
1358 1811 1511 1860 *digesta
1565 1814 1637 1850 109

147 1861 283 1901 Mens
310 1862 462 1913 gestit
489 1862 702 1899 exsilire
732 1862 780 1898 ad
809 1863 930 1912 magis
956 1862 1149 1911 generalia
1177 1869 1217 1899 ut
1243 1863 1459 1913 acquiescat
1501 1889 1510 1898 .
1586 1862 1637 1898 47

148 1912 336 1952 Mentis
365 1925 455 1950 area
482 1912 684 1962 aequanda
710 1919 748 1949 et
774 1912 972 1950 liberanda
1034 1939 1044 1950 .
1110 1937 1511 1951 .......
1590 1914 1638 1948 19

273 1970 378 2001 certa
406 1964 464 2000 via
490 1962 698 2013 aperienda
734 1988 1514 2001 .............
1589 1963 1637 1997 12

271 2014 466 2051 conversio
498 2015 597 2049 bona
624 2019 662 2049 et
689 2025 858 2063 congrua
885 2012 1062 2050 facienda
1113 2038 1444 2051 ......
1499 2014 1560 2049 19.
1587 2014 1638 2048 20

272 2070 503 2114 praeparata
529 2062 747 2099 informatio
792 2088 1447 2101 ...........
1501 2065 1560 2100 19.
1586 2061 1636 2098 24

149 2113 364 2153 Mentem
393 2114 615 2163 regimus
640 2119 772 2150 nostra
796 2113 943 2150 ratione
972 2111 1248 2161 interpretandi
1301 2139 1311 2149 .
1365 2139 1377 2150 .
1443 2115 1530 2151 131.
1560 2114 1633 2149 132

148 2164 360 2202 Mentem
386 2164 682 2212 respicimus
715 2169 902 2212 quatenus
925 2163 1125 2212 copulatur
1147 2175 1233 2198 cum
1257 2162 1371 2199 rebus
1430 2188 1441 2199 .
1495 2188 1504 2198 .
1561 2164 1634 2199 137

147 2213 279 2251 Meta
306 2213 638 2250 scientiarum
666 2224 786 2250 vera
812 2219 859 2249 et
888 2212 1118 2262 legitima
1170 2238 1504 2250 ......
1583 2214 1633 2248 86

147 2262 687 2301 Metaschematismus
725 2288 1507 2301 .............
1585 2264 1633 2299 57

149 2312 416 2352 Methodus
441 2314 555 2362 plane
584 2312 657 2349 alia
687 2318 725 2349 et
752 2311 846 2348 ordo
873 2318 910 2349 et
939 2324 1136 2361 processus
1163 2311 1443 2349 continuandae
1470 2318 1508 2348 et

322 2362 591 2414 provehendae
617 2362 878 2412 experientiae
910 2362 1185 2399 introducenda
1249 2389 1504 2400 .....
1558 2363 1632 2398 108

148 2413 356 2451 Messem
384 2413 739 2462 tempestivam
768 2420 1120 2463 exspectamus
1173 2437 1507 2451 ......
1559 2414 1630 2448 121

148 2463 560 2500 Ministrationes
588 2487 1506 2501 ...............
1582 2462 1632 2498 24

148 2513 459 2550 Ministratio
484 2513 543 2550 ad
570 2524 763 2550 sensum
803 2538 1442 2551 ...........
1496 2512 1556 2548 24.
1583 2514 1631 2548 25

148 2563 463 2601 Ministratio
492 2562 550 2600 ad
579 2563 865 2600 memoriam
911 2588 1437 2600 .........
1492 2565 1555 2600 25.
1583 2564 1632 2597 26

148 2613 460 2650 Ministratio
487 2613 544 2650 ad
570 2613 820 2651 rationem
912 2638 1505 2651 ..........
1582 2613 1631 2647 27

147 2663 385 2701 Mirabile
413 2664 458 2700 in
487 2662 692 2711 Organo
720 2670 894 2700 nostro
920 2687 1440 2702 .........
1518 2664 1556 2698 3.
1582 2663 1630 2697 83

148 2713 290 2751 Missi
322 2713 632 2764 philologici
660 2737 1506 2752 ..............
1609 2713 1631 2747 5

147 2763 411 2801 Modestam
448 2772 495 2801 et
532 2764 847 2814 probabilem
885 2764 1344 2813 reprehensionem
1372 2760 1504 2811 quod

322 2815 514 2851 attinet
592 2837 1505 2853 ...............
1560 2812 1633 2848 127

149 2860 319 2900 Modus
345 2863 570 2914 experiendi
602 2876 736 2902 caecus
763 2872 799 2901 et
826 2864 997 2914 stupidus
1046 2887 1502 2901 ........
1583 2863 1632 2899 73

272 2914 496 2952 conficiendi
520 2914 668 2952 tabulas
694 2916 881 2966 practicas
907 2922 945 2951 et
974 2913 1172 2963 generales
1237 2936 1506 2950 .....
1583 2913 1630 2948 31
