1947 3456
291 278 350 325 32
599 278 938 319 DELmEA‘rio
978 290 1026 316 m-
1059 262 1471 317 AuGcMENTrai.

292 413 318 443 n
336 395 552 453 erales,
591 409 671 457 per
689 408 797 455 quas
823 392 1083 453 omnigenae
1106 407 1286 454 operum
1315 390 1644 453 designationes
1679 392 1750 438 sa-

291 475 422 522 cilius
447 479 492 521 et
521 471 768 536 promptius
790 469 1079 516 deducantur.
1151 469 1362 516 TertIa
1399 470 1629 533 subjungit
1653 486 1751 517 mo-

291 553 393 600 dum
426 551 642 616 quendam
680 548 931 612 inquirendi
967 548 1059 594 sive
1098 548 1352 599 inveniendi
1387 565 1548 613 opera,
1585 548 1754 611 imper-

290 632 454 679 fectum
491 636 639 689 certe,
677 629 753 676 sed
790 635 936 675 tamen
976 643 1061 672 non
1091 627 1321 688 inutilem,
1359 645 1444 691 quo
1482 628 1536 674 ab
1569 627 1751 691 experi-

290 716 437 757 mento
475 709 528 754 ad
565 709 916 772 experimentum
951 704 1220 769 procedatur
1245 707 1410 769 absque
1437 706 1752 754 constitutIOne

292 787 546 835 axiomatis.
615 786 731 834 Nam
757 783 1120 850 quemadmodum
1143 785 1197 830 ab
1218 785 1441 832 axiomate
1468 785 1523 831 ad
1556 786 1751 844 axioma,

292 868 356 914 ita
394 867 526 913 etiam
576 867 630 912 ab
676 865 982 928 experimento
1026 862 1079 908 ad
1131 865 1484 926 experimentum
1536 863 1667 911 datur
1709 870 1753 913 et

293 946 492 1010 aperitur
509 944 720 1008 quaedam
747 945 830 1003 via,
853 943 905 989 ad
930 941 1240 988 inveniendum
1258 943 1481 990 instabilis
1496 950 1540 991 et
1562 944 1754 1006 lubrica,

292 1025 369 1072 sed
389 1030 535 1071 tamen
561 1040 647 1070 non
670 1040 850 1087 prorsus
871 1021 1049 1069 silentio
1075 1022 1482 1084 praetennitteuda.
1542 1022 1645 1072 Jam
1663 1022 1754 1085 igi-

293 1111 367 1150 tur
400 1109 443 1150 et
487 1102 802 1165 practicam
846 1100 1346 1148 ministrationem
1393 1118 1592 1164 quoque,
1642 1119 1754 1165 quae

294 1183 338 1228 in
366 1180 678 1228 distributione
704 1179 858 1225 ultima
878 1181 1025 1244 posita
1052 1186 1148 1239 est,
1186 1177 1469 1227 absolvimus.

396 1259 582 1323 Atque
639 1259 778 1305 haee
828 1266 916 1306 est
985 1260 1248 1323 hujusce·
1299 1257 1545 1306 secundi
1612 1259 1754 1306 libri

296 1345 494 1404 aperta
532 1344 582 1385 et
615 1338 815 1385 brevis
852 1338 1196 1385 delineatio.

399 1417 615 1477 Quibus
653 1417 915 1480 explicatis,
960 1418 1201 1464 thalamum
1232 1432 1314 1462 nos
1346 1418 1506 1462 mentis
1535 1417 1754 1466 humanae

296 1506 339 1545 et
368 1497 579 1556 universi,
615 1496 886 1542 Pronuba
921 1496 1140 1542 Divina
1175 1494 1453 1542 Bonitate
1490 1496 1621 1559 plane
1644 1513 1755 1544 con-

295 1577 494 1623 stituisse
511 1574 788 1622 confidimus.
826 1574 1119 1638 Epithalamii
1138 1579 1282 1620 autem
1300 1580 1444 1620 votum
1461 1575 1535 1635 sit,
1557 1581 1604 1622 ut
1627 1593 1681 1623 ex
1701 1593 1754 1623 eo

297 1656 517 1702 connubio
542 1645 712 1700 auxilia
735 1654 947 1713 bumana,
984 1660 1205 1716 tamquam
1242 1653 1377 1717 stirps
1398 1653 1604 1713 heroum,
1643 1671 1754 1718 quae

295 1734 586 1781 necessitates
609 1739 651 1779 et
674 1733 876 1779 miserias
900 1733 1122 1778 heminam
1161 1733 1310 1795 aliqua
1348 1749 1405 1779 ex
1443 1741 1569 1796 parte
1598 1733 1755 1781 debel-

295 1814 389 1860 lent
420 1818 463 1859 et
501 1811 704 1871 doment,
735 1812 1005 1875 suscipiatur
1041 1817 1085 1858 et
1119 1811 1377 1858 deducatur.

397 1890 516 1938 Sub
559 1891 727 1937 finem
764 1897 910 1938 tamen
949 1890 1163 1953 quaedam
1197 1890 1249 1937 de
1279 1891 1481 1936 laborum
1518 1891 1756 1938 consocia-

297 1970 416 2017 tione
451 1975 494 2015 et
530 1971 813 2019 successione
857 1970 1160 2033 subjiciemus.
1244 1969 1380 2016 Tune
1423 1969 1538 2015 enim
1585 1969 1757 2018 demum

296 2049 497 2096 homines
519 2049 636 2096 vires
658 2066 760 2096 suas
786 2056 996 2108 noscent,
1034 2065 1133 2094 cum
1162 2064 1249 2094 uon
1271 2048 1421 2095 eadem
1453 2048 1642 2109 infiniti,
1679 2050 1756 2097 sed

297 2129 460 2176 omissa
482 2129 560 2174 alii
581 2129 883 2192 praestabunt.
962 2126 1121 2190 Neque
1143 2143 1249 2174 sane
1277 2127 1510 2174 defuturis
1539 2128 1757 2176 aetatibus

296 2224 418 2272 spem
442 2208 712 2271 abjecimus,
750 2209 854 2272 quin
871 2208 1148 2267 exoriantur,
1172 2206 1246 2269 qui
1266 2207 1352 2253 ista
1369 2223 1395 2252 a
1416 2206 1621 2253 tenuibus
1648 2224 1757 2270 pro-

297 2288 415 2336 secta
437 2289 579 2334 initiis
612 2288 658 2333 in
678 2288 820 2351 majus
849 2287 1110 2351 provehant.
1176 2286 1339 2333 Illud
1370 2286 1517 2333 enim
1557 2302 1758 2333 oecur-

298 2368 404 2427 rit,
455 2368 561 2414 hoe
597 2367 737 2430 quod
785 2367 981 2429 agitur
1017 2368 1084 2412 ob
1138 2366 1270 2412 boni
1318 2371 1575 2412 naturam
1623 2365 1756 2412 emi-

298 2452 547 2505 nentem,
598 2445 910 2492 manifeste
961 2462 986 2490 a
1033 2445 1152 2491 Deo
1203 2462 1348 2492 esse.
1429 2443 1496 2490 In
1542 2444 1756 2491 divinis

299 2531 482 2571 autem
534 2525 809 2588 operibus
855 2524 1081 2570 minima
1141 2539 1396 2587 quaeque
1453 2523 1757 2587 principia

299 2610 553 2650 eventum
595 2603 844 2649 trahunt.

405 2683 555 2746 Atque
604 2681 659 2727 in
718 2681 1128 2744 redargutione
1178 2681 1306 2746 ipsa
1353 2678 1758 2745 philosophia-

299 2779 414 2808 rum
451 2778 578 2825 quam
610 2776 841 2824 paramus,
890 2762 1111 2808 nescimus
1154 2761 1248 2808 sere
1276 2778 1360 2824 quo
1403 2775 1483 2805 nos
1524 2764 1757 2819 vertamus,

300 2858 397 2886 cum
422 2841 516 2902 via,
555 2856 666 2904 quae
692 2840 794 2886 aliis
823 2839 871 2885 in
904 2840 1283 2887 confutationibus
1314 2839 1482 2903 patuit,
1527 2839 1657 2886 nobis
1684 2839 1759 2885 ina

299 2920 493 2966 terelusa
529 2921 602 2969 sit.
671 2917 787 2967 Nam
819 2923 863 2967 et
888 2926 953 2968 tot
986 2926 1030 2968 et
1056 2926 1180 2966 tanta
1215 2935 1262 2966 se
1293 2917 1531 2966 ostendunt
1559 2934 1759 2966 errorum
